@article{1KG2010,
author = {{1000 Genomes Project Consortium} and Abecasis, Gon{\c{c}}alo R and Altshuler, David and Auton, Adam and Brooks, Lisa D and Durbin, Richard M and Gibbs, Richard A and Hurles, Matt E and McVean, Gil A},
year = {2010},
title = {A map of human genome variation from population-scale sequencing.},
journal = {Nature},
volume = {467},
number = {7319},
pages = {1061--73},
doi = {10.1038/nature09534}
}
@article{1KG2012,
author = {{1000 Genomes Project Consortium} and Abecasis, Goncalo R and Auton, Adam and Brooks, Lisa D and DePristo, Mark A and Durbin, Richard M and Handsaker, Robert E and Kang, Hyun Min and Marth, Gabor T and McVean, Gil A},
year = {2012},
title = {An integrated map of genetic variation from 1,092 human genomes.},
journal = {Nature},
volume = {491},
number = {7422},
pages = {56--65},
doi = {10.1038/nature11632}
}
@article{Ackermann2012,
author = {Ackermann, Marit and Beyer, Andreas},
year = {2012},
title = {Systematic detection of epistatic interactions based on allele pair frequencies.},
journal = {PLoS genetics},
volume = {8},
number = {2},
pages = {e1002463},
doi = {10.1371/journal.pgen.1002463}
}
@article{Adorini2005,
author = {Adorini, Luciano},
year = {2005},
title = {Intervention in autoimmunity: the potential of vitamin {D} receptor agonists.},
journal = {Cellular immunology},
volume = {233},
number = {2},
pages = {115--24},
doi = {10.1016/j.cellimm.2005.04.013}
}
@article{Alexa2006,
author = {Alexa, Adrian and Rahnenf{\"{u}}hrer, J{\"{o}}rg and Lengauer, Thomas},
year = {2006},
title = {Improved scoring of functional groups from gene expression data by decorrelating {GO} graph structure.},
journal = {Bioinformatics (Oxford, England)},
volume = {22},
number = {13},
pages = {1600--7},
doi = {10.1093/bioinformatics/btl140}
}
@article{Alonso2011,
author = {Alonso, Henar and Aguilo, Juan Ignacio and Samper, Sof{\'{i}}a and Caminero, Jose Antonio and Campos-Herrero, Mar{\'{i}}a Isolina and Gicquel, Brigitte and Brosch, Roland and Mart{\'{i}}n, Carlos and Otal, Isabel},
year = {2011},
title = {Deciphering the role of {IS6110} in a highly transmissible {M}ycobacterium tuberculosis {B}eijing strain, {GC1237}.},
journal = {Tuberculosis (Edinburgh, Scotland)},
volume = {91},
number = {2},
pages = {117--26},
doi = {10.1016/j.tube.2010.12.007}
}
@article{Amit2009,
author = {Amit, Ido and Garber, Manuel and Chevrier, Nicolas and Leite, Ana Paula and Donner, Yoni and Eisenhaure, Thomas and Guttman, Mitchell and Grenier, Jennifer K and Li, Weibo and Zuk, Or and Schubert, Lisa a and Birditt, Brian and Shay, Tal and Goren, Alon and Zhang, Xiaolan and Smith, Zachary and Deering, Raquel and McDonald, Rebecca C and Cabili, Moran and Bernstein, Bradley E and Rinn, John L and Meissner, Alex and Root, David E and Hacohen, Nir and Regev, Aviv},
year = {2009},
title = {Unbiased reconstruction of a mammalian transcriptional network mediating pathogen responses.},
journal = {Science (New York, N.Y.)},
volume = {326},
number = {5950},
pages = {257--63},
doi = {10.1126/science.1179050}
}
@article{Amselem1989,
author = {Amselem, S and Duquesnoy, P and Attree, O and Novelli, G and Bousnina, S and Postel-Vinay, M C and Goossens, M},
year = {1989},
title = {Laron dwarfism and mutations of the growth hormone-receptor gene.},
journal = {The New England journal of medicine},
volume = {321},
number = {15},
pages = {989--95},
doi = {10.1056/NEJM198910123211501}
}
@article{Anders2013,
author = {Anders, Simon and McCarthy, Davis J and Chen, Yunshun and Okoniewski, Michal and Smyth, Gordon K and Huber, Wolfgang and Robinson, Mark D},
year = {2013},
title = {Count-based differential expression analysis of {RNA} sequencing data using {R} and {B}ioconductor.},
journal = {Nature protocols},
volume = {8},
number = {9},
pages = {1765--86},
doi = {10.1038/nprot.2013.099}
}
@article{Angermueller2016,
author = {Angermueller, Christof and Clark, Stephen J and Lee, Heather J and Macaulay, Iain C and Teng, Mabel J and Hu, Tim Xiaoming and Krueger, Felix and Smallwood, S{\'{e}}bastien a and Ponting, Chris P and Voet, Thierry and Kelsey, Gavin and Stegle, Oliver and Reik, Wolf},
year = {2016},
title = {Parallel single-cell sequencing links transcriptional and epigenetic heterogeneity.},
journal = {Nature methods},
volume = {13},
number = {3},
pages = {229--32},
doi = {10.1038/nmeth.3728}
}
@article{Auer2010,
author = {Auer, Paul L and Doerge, R W},
year = {2010},
title = {Statistical design and analysis of {RNA} sequencing data.},
journal = {Genetics},
volume = {185},
number = {2},
pages = {405--16},
doi = {10.1534/genetics.110.114983}
}
@article{Avraham2015,
author = {Avraham, Roi and Haseley, Nathan and Brown, Douglas and Penaranda, Cristina and Jijon, Humberto B. and Trombetta, John J. and Satija, Rahul and Shalek, Alex K. and Xavier, Ramnik J. and Regev, Aviv and Hung, Deborah T.},
year = {2015},
title = {Pathogen Cell-to-Cell Variability Drives Heterogeneity in Host Immune Responses.},
journal = {Cell},
volume = {162},
number = {6},
pages = {1309--21},
doi = {10.1016/j.cell.2015.08.027}
}
@article{Azad2012,
author = {Azad, Abul K. and Sadee, Wolfgang and Schlesinger, Larry S.},
year = {2012},
title = {Innate immune gene polymorphisms in tuberculosis.},
journal = {Infection and immunity},
volume = {80},
number = {10},
pages = {3343--59},
doi = {10.1128/IAI.00443-12}
}
@article{Babior2004,
author = {Babior, Bernard M.},
year = {2004},
title = {{NADPH} oxidase.},
journal = {Current opinion in immunology},
volume = {16},
number = {1},
pages = {42--7},
doi = {10.1016/j.coi.2003.12.001}
}
@article{Bacher2016,
author = {Bacher, Rhonda and Kendziorski, Christina},
year = {2016},
title = {Design and computational analysis of single-cell {RNA}-sequencing experiments.},
journal = {Genome biology},
volume = {17},
number = {1},
pages = {63},
doi = {10.1186/s13059-016-0927-y}
}
@article{Balding2006,
author = {Balding, David J},
year = {2006},
title = {A tutorial on statistical methods for population association studies.},
journal = {Nature reviews. Genetics},
volume = {7},
number = {10},
pages = {781--91},
doi = {10.1038/nrg1916}
}
@article{Barreiro2012,
author = {Barreiro, Luis B and Tailleux, Ludovic and Pai, Athma A and Gicquel, Brigitte and Marioni, John C and Gilad, Yoav},
year = {2012},
title = {Deciphering the genetic architecture of variation in the immune response to {M}ycobacterium tuberculosis infection.},
journal = {Proceedings of the National Academy of Sciences of the United States of America},
volume = {109},
number = {4},
pages = {1204--9},
doi = {10.1073/pnas.1115761109}
}
@article{Barry2009,
author = {Barry, Clifton E and Boshoff, Helena I and Dartois, V{\'{e}}ronique and Dick, Thomas and Ehrt, Sabine and Flynn, JoAnne and Schnappinger, Dirk and Wilkinson, Robert J and Young, Douglas},
year = {2009},
title = {The spectrum of latent tuberculosis: rethinking the biology and intervention strategies.},
journal = {Nature reviews. Microbiology},
volume = {7},
number = {12},
pages = {845--55},
doi = {10.1038/nrmicro2236}
}
@article{Battle2014,
author = {Battle, Alexis and Mostafavi, Sara and Zhu, Xiaowei and Potash, James B and Weissman, Myrna M and McCormick, Courtney and Haudenschild, Christian D and Beckman, Kenneth B and Shi, Jianxin and Mei, Rui and Urban, Alexander E and Montgomery, Stephen B and Levinson, Douglas F and Koller, Daphne},
year = {2014},
title = {Characterizing the genetic basis of transcriptome diversity through {RNA}-sequencing of 922 individuals.},
journal = {Genome research},
volume = {24},
number = {1},
pages = {14--24},
doi = {10.1101/gr.155192.113}
}
@article{Behr1999,
author = {Behr, M a and Wilson, M a and Gill, W P and Salamon, H and Schoolnik, G K and Rane, S and Small, P M},
year = {1999},
title = {Comparative genomics of {BCG} vaccines by whole-genome {DNA} microarray.},
journal = {Science (New York, N.Y.)},
volume = {284},
number = {5419},
pages = {1520--3},
doi = {10.1126/science.284.5419.1520}
}
@article{Benjamini1995,
author = {Benjamini, Yoav and Hochberg, Yosef},
year = {1995},
title = {Controlling the False Discovery Rate: A Practical and Powerful Approach to Multiple Testing},
journal = {Journal of the Royal Statistical Society. Series B (Methodological)},
volume = {57},
number = {1},
pages = {pp. 289--300},
doi = {}
}
@article{Berry2010,
author = {Berry, Matthew P R and Graham, Christine M and McNab, Finlay W and Xu, Zhaohui and Bloch, Susannah a a and Oni, Tolu and Wilkinson, Katalin A and Banchereau, Romain and Skinner, Jason and Wilkinson, Robert J and Quinn, Charles and Blankenship, Derek and Dhawan, Ranju and Cush, John J and Mejias, Asuncion and Ramilo, Octavio and Kon, Onn M and Pascual, Virginia and Banchereau, Jacques and Chaussabel, Damien and O'Garra, Anne},
year = {2010},
title = {An interferon-inducible neutrophil-driven blood transcriptional signature in human tuberculosis.},
journal = {Nature},
volume = {466},
number = {7309},
pages = {973--7},
doi = {10.1038/nature09247}
}
@article{Biggin2011,
author = {Biggin, Mark D},
year = {2011},
title = {Animal transcription networks as highly connected, quantitative continua.},
journal = {Developmental cell},
volume = {21},
number = {4},
pages = {611--26},
doi = {10.1016/j.devcel.2011.09.008}
}
@article{Blake2003,
author = {Blake, W. J. and M, K. AErn and Cantor, C. R. and Collins, J. J.},
year = {2003},
title = {Noise in eukaryotic gene expression},
journal = {Nature},
volume = {422},
number = {6932},
pages = {633-7},
doi = {10.1038/nature01546}
}
@article{Blankley2014,
author = {Blankley, Simon and Berry, Matthew Paul Reddoch and Graham, Christine M and Bloom, Chloe I and Lipman, Marc and O'Garra, Anne},
year = {2014},
title = {The application of transcriptional blood signatures to enhance our understanding of the host response to infection: the example of tuberculosis.},
journal = {Philosophical transactions of the Royal Society of London. Series B, Biological sciences},
volume = {369},
number = {1645},
pages = {20130427},
doi = {10.1098/rstb.2013.0427}
}
@article{Blischak2015,
author = {Blischak, John D and Tailleux, Ludovic and Mitrano, Amy and Barreiro, Luis B and Gilad, Yoav},
year = {2015},
title = {Mycobacterial infection induces a specific human innate immune response.},
journal = {Scientific reports},
volume = {5},
number = {},
pages = {16882},
doi = {10.1038/srep16882}
}
@article{Bodmer2008,
author = {Bodmer, Walter and Bonilla, Carolina},
year = {2008},
title = {Common and rare variants in multifactorial susceptibility to common diseases.},
journal = {Nature genetics},
volume = {40},
number = {6},
pages = {695--701},
doi = {10.1038/ng.f.136}
}
@article{Boldrick2002,
author = {Boldrick, Jennifer C and Alizadeh, Ash a and Diehn, Maximilian and Dudoit, Sandrine and Liu, Chih Long and Belcher, Christopher E and Botstein, David and Staudt, Louis M and Brown, Patrick O and Relman, David a},
year = {2002},
title = {Stereotyped and specific gene expression programs in human innate immune responses to bacteria.},
journal = {Proceedings of the National Academy of Sciences of the United States of America},
volume = {99},
number = {2},
pages = {972--7},
doi = {10.1073/pnas.231625398}
}
@article{Borel2015,
author = {Borel, C. and Ferreira, P. G. and Santoni, F. and Delaneau, O.
and Fort, A. and Popadin, K. Y. and Garieri, M. and Falconnet, E. and Ribaux, P.
and Guipponi, M. and Padioleau, I. and Carninci, P. and Dermitzakis, E. T.
and Antonarakis, S. E.},
year = {2015},
title = {Biased allelic expression in human primary fibroblast single cells.},
journal = {American Journal of Human Genetics},
volume = {96},
number = {1},
pages = {70-80},
doi = {10.1016/j.ajhg.2014.12.001}
}
@article{Brennecke2013,
author = {Brennecke, P. and Anders, S. and Kim, J. K. and Kolodziejczyk, A. A. and Zhang, X. and Proserpio, V. and Baying, B. and Benes, V. and Teichmann, S. A. and Marioni, J. C. and Heisler, M. G.},
year = {2013},
title = {Accounting for technical noise in single-cell {RNA}-seq experiments},
journal = {Nat Methods},
volume = {10},
number = {11},
pages = {1093-5},
doi = {10.1038/nmeth.2645}
}
@article{Britten1969,
author = {Britten, Roy J and Davidson, Eric H},
year = {1969},
title = {Gene regulation for higher cells: a theory.},
journal = {Science (New York, N.Y.)},
volume = {165},
number = {3891},
pages = {349--57},
doi = {}
}
@article{Brodsky2009,
author = {Brodsky, Igor E and Medzhitov, Ruslan},
year = {2009},
title = {Targeting of immune signalling networks by bacterial pathogens.},
journal = {Nature cell biology},
volume = {11},
number = {5},
pages = {521--6},
doi = {10.1038/ncb0509-521}
}
@article{Bruchfeld2015,
author = {Bruchfeld, Judith and Correia-Neves, Margarida and K{\"{a}}llenius, Gunilla},
year = {2015},
title = {Tuberculosis and {HIV} Coinfection.},
journal = {Cold Spring Harbor perspectives in medicine},
volume = {5},
number = {7},
pages = {a017871},
doi = {10.1101/cshperspect.a017871}
}
@article{Bryant2014,
author = {Bryant, Penelope A. and Smyth, Gordon K. and Gooding, Travis and Oshlack, Alicia and Harrington, Zinta and Currie, Bart and Carapetis, Jonathan R. and Robins-Browne, Roy and Curtis, Nigel},
year = {2014},
title = {Susceptibility to acute rheumatic fever based on differential expression of genes involved in cytotoxicity, chemotaxis, and apoptosis.},
journal = {Infection and immunity},
volume = {82},
number = {2},
pages = {753--61},
doi = {10.1128/IAI.01152-13}
}
@article{Buenrostro2015,
author = {Buenrostro, Jason D. and Wu, Beijing and Litzenburger, Ulrike M. and Ruff, Dave and Gonzales, Michael L. and Snyder, Michael P. and Chang, Howard Y. and Greenleaf, William J.},
year = {2015},
title = {Single-cell chromatin accessibility reveals principles of regulatory variation.},
journal = {Nature},
volume = {523},
number = {7561},
pages = {486--90},
doi = {10.1038/nature14590}
}
@article{Buettner2015,
author = {Buettner, Florian and Natarajan, Kedar N and Casale, F Paolo and Proserpio, Valentina and Scialdone, Antonio and Theis, Fabian J and Teichmann, Sarah A and Marioni, John C and Stegle, Oliver},
year = {2015},
title = {Computational analysis of cell-to-cell heterogeneity in single-cell {RNA}-sequencing data reveals hidden subpopulations of cells.},
journal = {Nature biotechnology},
volume = {33},
number = {2},
pages = {155--60},
doi = {10.1038/nbt.3102}
}
@article{Bustamante2011,
author = {Bustamante, Jacinta and Arias, Andres a and Vogt, Guillaume and Picard, Capucine and Galicia, Lizbeth Blancas and Prando, Carolina and Grant, Audrey V and Marchal, Christophe C and Hubeau, Marjorie and Chapgier, Ariane and de Beaucoudrey, Ludovic and Puel, Anne and Feinberg, Jacqueline and Valinetz, Ethan and Janni{\`{e}}re, Lucile and Besse, C{\'{e}}line and Boland, Anne and Brisseau, Jean-Marie and Blanche, St{\'{e}}phane and Lortholary, Olivier and Fieschi, Claire and Emile, Jean-Fran{\c{c}}ois and Boisson-Dupuis, St{\'{e}}phanie and Al-Muhsen, Saleh and Woda, Bruce and Newburger, Peter E and Condino-Neto, Antonio and Dinauer, Mary C and Abel, Laurent and Casanova, Jean-Laurent},
year = {2011},
title = {Germline {CYBB} mutations that selectively affect macrophages in kindreds with {X}-linked predisposition to tuberculous mycobacterial disease.},
journal = {Nature immunology},
volume = {12},
number = {3},
pages = {213--21},
doi = {10.1038/ni.1992}
}
@article{Carroll2008,
author = {Carroll, Sean B},
year = {2008},
title = {Evo-devo and an expanding evolutionary synthesis: a genetic theory of morphological evolution.},
journal = {Cell},
volume = {134},
number = {1},
pages = {25--36},
doi = {10.1016/j.cell.2008.06.030}
}
@article{Casanova2007,
author = {Casanova, Jean-Laurent and Abel, Laurent},
year = {2007},
title = {Human genetics of infectious diseases: a unified theory.},
journal = {The EMBO journal},
volume = {26},
number = {4},
pages = {915--22},
doi = {10.1038/sj.emboj.7601558}
}
@article{Casbon2011,
author = {Casbon, J. A. and Osborne, R. J. and Brenner, S. and Lichtenstein, C. P.},
year = {2011},
title = {A method for counting {PCR} template molecules with application to next-generation sequencing},
journal = {Nucleic Acids Res},
volume = {39},
number = {12},
pages = {e81},
doi = {10.1093/nar/gkr217}
}
@article{Castel2015,
author = {Castel, Stephane E and Levy-Moonshine, Ami and Mohammadi, Pejman and Banks, Eric and Lappalainen, Tuuli},
year = {2015},
title = {Tools and best practices for data processing in allelic expression analysis.},
journal = {Genome biology},
volume = {16},
number = {1},
pages = {195},
doi = {10.1186/s13059-015-0762-6}
}
@article{Castrejon-Jimenez2015,
author = {Castrej{\'{o}}n-Jim{\'{e}}nez, Nayeli Shantal and Leyva-Paredes, Kahiry and Hern{\'{a}}ndez-Gonz{\'{a}}lez, Juan Carlos and Luna-Herrera, Julieta and Garc{\'{i}}a-P{\'{e}}rez, Blanca Estela},
year = {2015},
title = {The role of autophagy in bacterial infections.},
journal = {Bioscience trends},
volume = {9},
number = {3},
pages = {149--59},
doi = {10.5582/bst.2015.01035}
}
@article{Chacon-Salinas2005,
author = {Chac{\'{o}}n-Salinas, R. and Seraf{\'{i}}n-L{\'{o}}pez, J. and Ramos-Pay{\'{a}}n, R. and M{\'{e}}ndez-Arag{\'{o}}n, P. and Hern{\'{a}}ndez-Pando, R. and {Van Soolingen}, D. and Flores-Romo, L. and Estrada-Parra, S. and Estrada-Garc{\'{i}}a, Iris},
year = {2005},
title = {Differential pattern of cytokine expression by macrophages infected in vitro with different {M}ycobacterium tuberculosis genotypes.},
journal = {Clinical and experimental immunology},
volume = {140},
number = {3},
pages = {443--9},
doi = {10.1111/j.1365-2249.2005.02797.x}
}
@article{Chang2015,
author = {Chang, Christopher C and Chow, Carson C and Tellier, Laurent Cam and Vattikuti, Shashaank and Purcell, Shaun M and Lee, James J},
year = {2015},
title = {Second-generation {PLINK}: rising to the challenge of larger and richer datasets.},
journal = {GigaScience},
volume = {4},
number = {1},
pages = {7},
doi = {10.1186/s13742-015-0047-8}
}
@article{Chapman2012,
author = {Chapman, Stephen J and Hill, Adrian V S},
year = {2012},
title = {Human genetic susceptibility to infectious disease.},
journal = {Nature reviews. Genetics},
volume = {13},
number = {3},
pages = {175--88},
doi = {10.1038/nrg3114}
}
@article{Chaussabel2003,
author = {Chaussabel, Damien and Semnani, Roshanak Tolouei and McDowell, Mary Ann and Sacks, David and Sher, Alan and Nutman, Thomas B.},
year = {2003},
title = {Unique gene expression profiles of human macrophages and dendritic cells to phylogenetically distinct parasites.},
journal = {Blood},
volume = {102},
number = {2},
pages = {672--81},
doi = {10.1182/blood-2002-10-3232}
}
@article{Chen2010,
author = {Chen, Grace Y and Nu{\~{n}}ez, Gabriel},
year = {2010},
title = {Sterile inflammation: sensing and reacting to damage.},
journal = {Nature reviews. Immunology},
volume = {10},
number = {12},
pages = {826--37},
doi = {10.1038/nri2873}
}
@article{Chen2011,
author = {Chen, Guokai and Gulbranson, Daniel R and Hou, Zhonggang and Bolin, Jennifer M and Ruotti, Victor and Probasco, Mitchell D and Smuga-Otto, Kimberly and Howden, Sara E and Diol, Nicole R and Propson, Nicholas E and Wagner, Ryan and Lee, Garrett O and Antosiewicz-Bourget, Jessica and Teng, Joyce M C and Thomson, James a},
year = {2011},
title = {Chemically defined conditions for human {iPSC} derivation and culture.},
journal = {Nature methods},
volume = {8},
number = {5},
pages = {424--9},
doi = {10.1038/nmeth.1593}
}
@article{Chimusa2014,
author = {Chimusa, Emile R. and Zaitlen, Noah and Daya, Michelle and M{\"{o}}ller, Marlo and van Helden, Paul D and Mulder, Nicola J and Price, Alkes L. and Hoal, Eileen G.},
year = {2014},
title = {Genome-wide association study of ancestry-specific {TB} risk in the {South African Coloured} population.},
journal = {Human molecular genetics},
volume = {23},
number = {3},
pages = {796--809},
doi = {10.1093/hmg/ddt462}
}
@article{Chung2013,
author = {Chung, Y. and Rabe-Hesketh, S. and Dorie, V. and Gelman, A. and Liu, J.},
year = {2013},
title = {A non-degenerate estimator for hierarchical variance parameters via penalized likelihood estimation.},
journal = {Psychometrika},
volume = {78},
number = {4},
pages = {685--709},
doi = {10.1007/S11336-013-9328-2}
}
@article{Civelek2014,
author = {Civelek, Mete and Lusis, Aldons J},
year = {2014},
title = {Systems genetics approaches to understand complex traits.},
journal = {Nature reviews. Genetics},
volume = {15},
number = {1},
pages = {34--48},
doi = {10.1038/nrg3575}
}
@article{Cobat2010,
author = {Cobat, Aurelie and Gallant, Caroline J and Simkin, Leah and Black, Gillian F and Stanley, Kim and Hughes, Jane and Doherty, T Mark and Hanekom, Willem a and Eley, Brian and Beyers, Nulda and Ja{\"{i}}s, Jean-Philippe and van Helden, Paul and Abel, Laurent and Hoal, Eileen G and Alca{\"{i}}s, Alexandre and Schurr, Erwin},
year = {2010},
title = {High heritability of antimycobacterial immunity in an area of hyperendemicity for tuberculosis disease.},
journal = {The Journal of infectious diseases},
volume = {201},
number = {1},
pages = {15--9},
doi = {10.1086/648611}
}
@article{Collins2015,
author = {Collins, Angela C. and Cai, Haocheng and Li, Tuo and Franco, Luis H. and Li, Xiao-Dong and Nair, Vidhya R. and Scharn, Caitlyn R. and Stamm, Chelsea E. and Levine, Beth and Chen, Zhijian J. and Shiloh, Michael U.},
year = {2015},
title = {Cyclic {GMP}-{AMP} Synthase Is an Innate Immune {DNA} Sensor for {M}ycobacterium tuberculosis.},
journal = {Cell host {\&} microbe},
volume = {17},
number = {6},
pages = {820--8},
doi = {10.1016/j.chom.2015.05.005}
}
@article{Comas2009,
author = {Comas, I{\~{n}}aki and Gagneux, Sebastien},
year = {2009},
title = {The past and future of tuberculosis research.},
journal = {PLoS pathogens},
volume = {5},
number = {10},
pages = {e1000600},
doi = {10.1371/journal.ppat.1000600}
}
@article{Comas2013,
author = {Comas, I{\~{n}}aki and Coscolla, Mireia and Luo, Tao and Borrell, Sonia and Holt, Kathryn E and Kato-Maeda, Midori and Parkhill, Julian and Malla, Bijaya and Berg, Stefan and Thwaites, Guy and Yeboah-Manu, Dorothy and Bothamley, Graham and Mei, Jian and Wei, Lanhai and Bentley, Stephen and Harris, Simon R and Niemann, Stefan and Diel, Roland and Aseffa, Abraham and Gao, Qian and Young, Douglas and Gagneux, Sebastien},
year = {2013},
title = {Out-of-{A}frica migration and {N}eolithic coexpansion of {M}ycobacterium tuberculosis with modern humans.},
journal = {Nature genetics},
volume = {45},
number = {10},
pages = {1176--82},
doi = {10.1038/ng.2744}
}
@article{Comstock1978,
author = {Comstock, G W},
year = {1978},
title = {Tuberculosis in twins: a re-analysis of the {P}rophit survey.},
journal = {The American review of respiratory disease},
volume = {117},
number = {4},
pages = {621--4},
doi = {10.1164/arrd.1978.117.4.621}
}
@article{Cordell2009,
author = {Cordell, Heather J},
year = {2009},
title = {Detecting gene-gene interactions that underlie human diseases.},
journal = {Nature reviews. Genetics},
volume = {10},
number = {6},
pages = {392--404},
doi = {10.1038/nrg2579}
}
@article{Coscolla2010,
author = {Coscolla, Mireilla and Gagneux, Sebastien},
year = {2010},
title = {Does M. tuberculosis genomic diversity explain disease diversity?},
journal = {Drug discovery today. Disease mechanisms},
volume = {7},
number = {1},
pages = {e43--e59},
doi = {10.1016/j.ddmec.2010.09.004}
}
@article{Coussens2012,
author = {Coussens, Anna K. and Wilkinson, Robert J. and Hanifa, Yasmeen and Nikolayevskyy, Vladyslav and Elkington, Paul T. and Islam, Kamrul and Timms, Peter M. and Venton, Timothy R. and Bothamley, Graham H. and Packe, Geoffrey E. and Darmalingam, Mathina and Davidson, Robert N. and Milburn, Heather J. and Baker, Lucy V. and Barker, Richard D. and Mein, Charles a. and Bhaw-Rosun, Leena and Nuamah, Rosamond and Young, Douglas B. and Drobniewski, Francis a. and Griffiths, Christopher J. and Martineau, Adrian R.},
year = {2012},
title = {Vitamin {D} accelerates resolution of inflammatory responses during tuberculosis treatment.},
journal = {Proceedings of the National Academy of Sciences of the United States of America},
volume = {109},
number = {38},
pages = {15449--54},
doi = {10.1073/pnas.1200072109}
}
@article{Crespo2013,
author = {Crespo, H{\'{e}}lio J. and Lau, Joseph T Y and Videira, Paula a.},
year = {2013},
title = {Dendritic cells: a spot on sialic Acid.},
journal = {Frontiers in immunology},
volume = {4},
number = {December},
pages = {491},
doi = {10.3389/fimmu.2013.00491}
}
@article{Curtis2015,
author = {Curtis, James and Luo, Yang and Zenner, Helen L and Cuchet-Louren{\c{c}}o, Delphine and Wu, Changxin and Lo, Kitty and Maes, Mailis and Alisaac, Ali and Stebbings, Emma and Liu, Jimmy Z and Kopanitsa, Liliya and Ignatyeva, Olga and Balabanova, Yanina and Nikolayevskyy, Vladyslav and Baessmann, Ingelore and Thye, Thorsten and Meyer, Christian G and N{\"{u}}rnberg, Peter and Horstmann, Rolf D and Drobniewski, Francis and Plagnol, Vincent and Barrett, Jeffrey C and Nejentsev, Sergey},
year = {2015},
title = {Susceptibility to tuberculosis is associated with variants in the {ASAP1} gene encoding a regulator of dendritic cell migration.},
journal = {Nature genetics},
volume = {47},
number = {5},
pages = {523--7},
doi = {10.1038/ng.3248}
}
@article{Cusanovich2015,
author = {Cusanovich, Darren A and Daza, Riza and Adey, Andrew and Pliner, Hannah A and Christiansen, Lena and Gunderson, Kevin L and Steemers, Frank J and Trapnell, Cole and Shendure, Jay},
year = {2015},
title = {Multiplex single cell profiling of chromatin accessibility by combinatorial cellular indexing.},
journal = {Science (New York, N.Y.)},
volume = {348},
number = {6237},
pages = {910--4},
doi = {10.1126/science.aab1601}
}
@article{Davidson2010,
author = {Davidson, Eric H},
year = {2010},
title = {Emerging properties of animal gene regulatory networks.},
journal = {Nature},
volume = {468},
number = {7326},
pages = {911--20},
doi = {10.1038/nature09645}
}
@article{Deffert2014,
author = {Deffert, Christine and Cachat, Julien and Krause, Karl-Heinz},
year = {2014},
title = {Phagocyte {NADPH} oxidase, chronic granulomatous disease and mycobacterial infections.},
journal = {Cellular microbiology},
volume = {16},
number = {8},
pages = {1168--78},
doi = {10.1111/cmi.12322}
}
@article{Deffert2014a,
author = {Deffert, Christine and Sch{\"{a}}ppi, Michela G and Pache, Jean-claude and Cachat, Julien and Vesin, Dominique and Bisig, Ruth and {Ma Mulone}, Xiaojuan and Kelkka, Tiina and Holmdahl, Rikard and Garcia, Irene and Olleros, Maria L and Krause, Karl-heinz},
year = {2014},
title = {Bacillus {C}almette-{G}u\'{e}rin infection in {NADPH} oxidase deficiency: defective mycobacterial sequestration and granuloma formation.},
journal = {PLoS pathogens},
volume = {10},
number = {9},
pages = {e1004325},
doi = {10.1371/journal.ppat.1004325}
}
@article{Deretic2014,
author = {Deretic, Vojo},
year = {2014},
title = {Autophagy in Tuberculosis},
journal = {Cold Spring Harbor Perspectives in Medicine},
volume = {4},
number = {11},
pages = {53--67},
doi = {10.1101/cshperspect.a018481}
}
@article{Dey2015,
author = {Dey, Bappaditya and Dey, Ruchi Jain and Cheung, Laurene S and Pokkali, Supriya and Guo, Haidan and Lee, Jong-Hee and Bishai, William R},
year = {2015},
title = {A bacterial cyclic dinucleotide activates the cytosolic surveillance pathway and mediates innate resistance to tuberculosis.},
journal = {Nature medicine},
volume = {21},
number = {4},
pages = {401--6},
doi = {10.1038/nm.3813}
}
@article{DiRienzo2006,
author = {{Di Rienzo}, Anna},
year = {2006},
title = {Population genetics models of common diseases.},
journal = {Current opinion in genetics {\&} development},
volume = {16},
number = {6},
pages = {630--6},
doi = {10.1016/j.gde.2006.10.002}
}
@article{Diacovich2010,
author = {Diacovich, Lautaro and Gorvel, Jean-Pierre},
year = {2010},
title = {Bacterial manipulation of innate immunity to promote infection.},
journal = {Nature reviews. Microbiology},
volume = {8},
number = {2},
pages = {117--28},
doi = {10.1038/nrmicro2295}
}
@article{Ding2010,
author = {Ding, Jun and Gudjonsson, Johann E. and Liang, Liming and Stuart, Philip E. and Li, Yun and Chen, Wei and Weichenthal, Michael and Ellinghaus, Eva and Franke, Andre and Cookson, William and Nair, Rajan P. and Elder, James T. and Abecasis, Gon{\c{c}}alo R.},
year = {2010},
title = {Gene expression in skin and lymphoblastoid cells: Refined statistical method reveals extensive overlap in cis-{eQTL} signals.},
journal = {American journal of human genetics},
volume = {87},
number = {6},
pages = {779--89},
doi = {10.1016/j.ajhg.2010.10.024}
}
@article{Ding2015,
author = {Ding, B. and Zheng, L. and Zhu, Y. and Li, N. and Jia, H. and Ai, R. and Wildberg, A. and Wang, W.},
year = {2015},
title = {Normalization and noise reduction for single cell {RNA}-seq experiments},
journal = {Bioinformatics},
volume = {31},
number = {13},
pages = {2225-7},
doi = {10.1093/bioinformatics/btv122}
}
@article{Dormans2004,
author = {Dormans, J. and Burger, M. and Aguilar, D. and Hernandez-Pando, R. and Kremer, K. and Roholl, P. and Arend, S. M. and van Soolingen, D},
year = {2004},
title = {Correlation of virulence, lung pathology, bacterial load and delayed type hypersensitivity responses after infection with different {M}ycobacterium tuberculosis genotypes in a BALB/c mouse model.},
journal = {Clinical and experimental immunology},
volume = {137},
number = {3},
pages = {460--8},
doi = {10.1111/j.1365-2249.2004.02551.x}
}
@article{Drissen2016,
author = {Drissen, R. and Buza-Vidas, N. and Woll, P. and Thongjuea, S. and Gambardella, A. and Giustacchini, A. and Mancini, E. and Zriwil, A. and Lutteropp, M. and Grover, A. and Mead, A. and Sitnicka, E. and Jacobsen, S. E. and Nerlov, C.},
year = {2016},
title = {Distinct myeloid progenitor-differentiation pathways identified through single-cell {RNA} sequencing},
journal = {Nat Immunol},
volume = {},
number = {},
pages = {},
doi = {10.1038/ni.3412}
}
@article{Du2016,
author = {Du, Dan and Qi, Lei S},
year = {2016},
title = {An Introduction to {CRISPR} Technology for Genome Activation and Repression in Mammalian Cells.},
journal = {Cold Spring Harbor protocols},
volume = {2016},
number = {1},
pages = {pdb.top086835},
doi = {10.1101/pdb.top086835}
}
@article{Duan2008,
author = {Duan, Shiwei and Huang, RS Stephanie and Zhang, Wei and Bleibel, Wasim K and Roe, Cheryl A and Clark, Tyson A and Chen, Tina X and Schweitzer, Anthony C and Blume, John E and Cox, Nancy J and Dolan, M Eileen},
year = {2008},
title = {Genetic architecture of transcript-level variation in humans.},
journal = {American journal of human genetics},
volume = {82},
number = {5},
pages = {1101--13},
doi = {10.1016/j.ajhg.2008.03.006}
}
@article{Durinck2005,
author = {Durinck, Steffen and Moreau, Yves and Kasprzyk, Arek and Davis, Sean and {De Moor}, Bart and Brazma, Alvis and Huber, Wolfgang},
year = {2005},
title = {{BioMart} and {B}ioconductor: a powerful link between biological databases and microarray data analysis.},
journal = {Bioinformatics (Oxford, England)},
volume = {21},
number = {16},
pages = {3439--40},
doi = {10.1093/bioinformatics/bti525}
}
@article{Durinck2009,
author = {Durinck, Steffen and Spellman, Paul T and Birney, Ewan and Huber, Wolfgang},
year = {2009},
title = {Mapping identifiers for the integration of genomic datasets with the {R}/{B}ioconductor package bioma{R}t.},
journal = {Nature protocols},
volume = {4},
number = {8},
pages = {1184--91},
doi = {10.1038/nprot.2009.97}
}
@article{ENCODE2004,
author = {{ENCODE Project Consortium}},
year = {2004},
title = {The {ENCODE} ({ENC}yclopedia {O}f {DNA} {E}lements) {P}roject.},
journal = {Science (New York, N.Y.)},
volume = {306},
number = {5696},
pages = {636--40},
doi = {10.1126/science.1105136}
}
@article{ENCODE2007,
author = {{ENCODE Project Consortium} and Birney, Ewan and Stamatoyannopoulos, John A and Dutta, Anindya and Guig{\'{o}}, Roderic and Gingeras, Thomas R and Margulies, Elliott H and Weng, Zhiping and Snyder, Michael and Dermitzakis, Emmanouil T and Thurman, Robert E and Kuehn, Michael S and Taylor, Christopher M and Neph, Shane and Koch, Christoph M and Asthana, Saurabh and Malhotra, Ankit and Adzhubei, Ivan and Greenbaum, Jason A and Andrews, Robert M and Flicek, Paul and Boyle, Patrick J and Cao, Hua and Carter, Nigel P and Clelland, Gayle K and Davis, Sean and Day, Nathan and Dhami, Pawandeep and Dillon, Shane C and Dorschner, Michael O and Fiegler, Heike and Giresi, Paul G and Goldy, Jeff and Hawrylycz, Michael and Haydock, Andrew and Humbert, Richard and James, Keith D and Johnson, Brett E and Johnson, Ericka M and Frum, Tristan T and Rosenzweig, Elizabeth R and Karnani, Neerja and Lee, Kirsten and Lefebvre, Gregory C and Navas, Patrick A and Neri, Fidencio and Parker, Stephen C J and Sabo, Peter J and Sandstrom, Richard and Shafer, Anthony and Vetrie, David and Weaver, Molly and Wilcox, Sarah and Yu, Man and Collins, Francis S and Dekker, Job and Lieb, Jason D and Tullius, Thomas D and Crawford, Gregory E and Sunyaev, Shamil and Noble, William S and Dunham, Ian and Denoeud, France and Reymond, Alexandre and Kapranov, Philipp and Rozowsky, Joel and Zheng, Deyou and Castelo, Robert and Frankish, Adam and Harrow, Jennifer and Ghosh, Srinka and Sandelin, Albin and Hofacker, Ivo L and Baertsch, Robert and Keefe, Damian and Dike, Sujit and Cheng, Jill and Hirsch, Heather A and Sekinger, Edward A and Lagarde, Julien and Abril, Josep F and Shahab, Atif and Flamm, Christoph and Fried, Claudia and Hackerm{\"{u}}ller, J{\"{o}}rg and Hertel, Jana and Lindemeyer, Manja and Missal, Kristin and Tanzer, Andrea and Washietl, Stefan and Korbel, Jan and Emanuelsson, Olof and Pedersen, Jakob S and Holroyd, Nancy and Taylor, Ruth and Swarbreck, David and Matthews, Nicholas and Dickson, Mark C and Thomas, Daryl J and Weirauch, Matthew T and Gilbert, James and Drenkow, Jorg and Bell, Ian and Zhao, XiaoDong and Srinivasan, K G and Sung, Wing-Kin and Ooi, Hong Sain and Chiu, Kuo Ping and Foissac, Sylvain and Alioto, Tyler and Brent, Michael and Pachter, Lior and Tress, Michael L and Valencia, Alfonso and Choo, Siew Woh and Choo, Chiou Yu and Ucla, Catherine and Manzano, Caroline and Wyss, Carine and Cheung, Evelyn and Clark, Taane G and Brown, James B and Ganesh, Madhavan and Patel, Sandeep and Tammana, Hari and Chrast, Jacqueline and Henrichsen, Charlotte N and Kai, Chikatoshi and Kawai, Jun and Nagalakshmi, Ugrappa and Wu, Jiaqian and Lian, Zheng and Lian, Jin and Newburger, Peter and Zhang, Xueqing and Bickel, Peter and Mattick, John S and Carninci, Piero and Hayashizaki, Yoshihide and Weissman, Sherman and Hubbard, Tim and Myers, Richard M and Rogers, Jane and Stadler, Peter F and Lowe, Todd M and Wei, Chia-Lin and Ruan, Yijun and Struhl, Kevin and Gerstein, Mark and Antonarakis, Stylianos E and Fu, Yutao and Green, Eric D and Kara{\"{o}}z, Ulaş and Siepel, Adam and Taylor, James and Liefer, Laura A and Wetterstrand, Kris A and Good, Peter J and Feingold, Elise A and Guyer, Mark S and Cooper, Gregory M and Asimenos, George and Dewey, Colin N and Hou, Minmei and Nikolaev, Sergey and Montoya-Burgos, Juan I and L{\"{o}}ytynoja, Ari and Whelan, Simon and Pardi, Fabio and Massingham, Tim and Huang, Haiyan and Zhang, Nancy R and Holmes, Ian and Mullikin, James C and Ureta-Vidal, Abel and Paten, Benedict and Seringhaus, Michael and Church, Deanna and Rosenbloom, Kate and Kent, W James and Stone, Eric A and {NISC Comparative Sequencing Program} and {Baylor College of Medicine Human Genome Sequencing Center} and {Washington University Genome Sequencing Center} and {Broad Institute} and {Children's Hospital Oakland Research Institute} and Batzoglou, Serafim and Goldman, Nick and Hardison, Ross C and Haussler, David and Miller, Webb and Sidow, Arend and Trinklein, Nathan D and Zhang, Zhengdong D and Barrera, Leah and Stuart, Rhona and King, David C and Ameur, Adam and Enroth, Stefan and Bieda, Mark C and Kim, Jonghwan and Bhinge, Akshay A and Jiang, Nan and Liu, Jun and Yao, Fei and Vega, Vinsensius B and Lee, Charlie W H and Ng, Patrick and Shahab, Atif and Yang, Annie and Moqtaderi, Zarmik and Zhu, Zhou and Xu, Xiaoqin and Squazzo, Sharon and Oberley, Matthew J and Inman, David and Singer, Michael A and Richmond, Todd A and Munn, Kyle J and Rada-Iglesias, Alvaro and Wallerman, Ola and Komorowski, Jan and Fowler, Joanna C and Couttet, Phillippe and Bruce, Alexander W and Dovey, Oliver M and Ellis, Peter D and Langford, Cordelia F and Nix, David A and Euskirchen, Ghia and Hartman, Stephen and Urban, Alexander E and Kraus, Peter and {Van Calcar}, Sara and Heintzman, Nate and Kim, Tae Hoon and Wang, Kun and Qu, Chunxu and Hon, Gary and Luna, Rosa and Glass, Christopher K and Rosenfeld, M Geoff and Aldred, Shelley Force and Cooper, Sara J and Halees, Anason and Lin, Jane M and Shulha, Hennady P and Zhang, Xiaoling and Xu, Mousheng and Haidar, Jaafar N S and Yu, Yong and Ruan, Yijun and Iyer, Vishwanath R and Green, Roland D and Wadelius, Claes and Farnham, Peggy J and Ren, Bing and Harte, Rachel A and Hinrichs, Angie S and Trumbower, Heather and Clawson, Hiram and Hillman-Jackson, Jennifer and Zweig, Ann S and Smith, Kayla and Thakkapallayil, Archana and Barber, Galt and Kuhn, Robert M and Karolchik, Donna and Armengol, Lluis and Bird, Christine P and de Bakker, Paul I W and Kern, Andrew D and Lopez-Bigas, Nuria and Martin, Joel D and Stranger, Barbara E and Woodroffe, Abigail and Davydov, Eugene and Dimas, Antigone and Eyras, Eduardo and Hallgr{\'{i}}msd{\'{o}}ttir, Ingileif B and Huppert, Julian and Zody, Michael C and Abecasis, Gon{\c{c}}alo R and Estivill, Xavier and Bouffard, Gerard G and Guan, Xiaobin and Hansen, Nancy F and Idol, Jacquelyn R and Maduro, Valerie V B and Maskeri, Baishali and McDowell, Jennifer C and Park, Morgan and Thomas, Pamela J and Young, Alice C and Blakesley, Robert W and Muzny, Donna M and Sodergren, Erica and Wheeler, David A and Worley, Kim C and Jiang, Huaiyang and Weinstock, George M and Gibbs, Richard A and Graves, Tina and Fulton, Robert and Mardis, Elaine R and Wilson, Richard K and Clamp, Michele and Cuff, James and Gnerre, Sante and Jaffe, David B and Chang, Jean L and Lindblad-Toh, Kerstin and Lander, Eric S and Koriabine, Maxim and Nefedov, Mikhail and Osoegawa, Kazutoyo and Yoshinaga, Yuko and Zhu, Baoli and de Jong, Pieter J},
year = {2007},
title = {Identification and analysis of functional elements in 1{\%} of the human genome by the {ENCODE} pilot project.},
journal = {Nature},
volume = {447},
number = {7146},
pages = {799--816},
doi = {10.1038/nature05874}
}
@article{ENCODE2012,
author = {{ENCODE Project Consortium}},
year = {2012},
title = {An integrated encyclopedia of {DNA} elements in the human genome.},
journal = {Nature},
volume = {489},
number = {7414},
pages = {57--74},
doi = {10.1038/nature11247}
}
@article{Edgar2002,
author = {Edgar, Ron and Domrachev, Michael and Lash, Alex E},
year = {2002},
title = {{Gene Expression Omnibus: NCBI} gene expression and hybridization array data repository.},
journal = {Nucleic acids research},
volume = {30},
number = {1},
pages = {207--10},
doi = {10.1093/nar/30.1.207}
}
@article{Ehrt2001,
author = {Ehrt, S and Schnappinger, D and Bekiranov, S and Drenkow, J and Shi, S and Gingeras, T R and Gaasterland, T and Schoolnik, G and Nathan, C},
year = {2001},
title = {Reprogramming of the macrophage transcriptome in response to interferon-gamma and {M}ycobacterium tuberculosis: signaling roles of nitric oxide synthase-2 and phagocyte oxidase.},
journal = {The Journal of experimental medicine},
volume = {194},
number = {8},
pages = {1123--40},
doi = {10.1084/jem.194.8.1123}
}
@article{Eisen1998,
author = {Eisen, M B and Spellman, P T and Brown, P O and Botstein, D},
year = {1998},
title = {Cluster analysis and display of genome-wide expression patterns.},
journal = {Proceedings of the National Academy of Sciences of the United States of America},
volume = {95},
number = {25},
pages = {14863--8},
doi = {}
}
@article{Emilsson2008,
author = {Emilsson, Valur and Thorleifsson, Gudmar and Zhang, Bin and Leonardson, Amy S and Zink, Florian and Zhu, Jun and Carlson, Sonia and Helgason, Agnar and Walters, G Bragi and Gunnarsdottir, Steinunn and Mouy, Magali and Steinthorsdottir, Valgerdur and Eiriksdottir, Gudrun H and Bjornsdottir, Gyda and Reynisdottir, Inga and Gudbjartsson, Daniel and Helgadottir, Anna and Jonasdottir, Aslaug and Jonasdottir, Adalbjorg and Styrkarsdottir, Unnur and Gretarsdottir, Solveig and Magnusson, Kristinn P and Stefansson, Hreinn and Fossdal, Ragnheidur and Kristjansson, Kristleifur and Gislason, Hjortur G and Stefansson, Tryggvi and Leifsson, Bjorn G and Thorsteinsdottir, Unnur and Lamb, John R and Gulcher, Jeffrey R and Reitman, Marc L and Kong, Augustine and Schadt, Eric E and Stefansson, Kari},
year = {2008},
title = {Genetics of gene expression and its effect on disease.},
journal = {Nature},
volume = {452},
number = {7186},
pages = {423--8},
doi = {10.1038/nature06758}
}
@article{Ernst2011,
author = {Ernst, Jason and Kheradpour, Pouya and Mikkelsen, Tarjei S and Shoresh, Noam and Ward, Lucas D and Epstein, Charles B and Zhang, Xiaolan and Wang, Li and Issner, Robbyn and Coyne, Michael and Ku, Manching and Durham, Timothy and Kellis, Manolis and Bernstein, Bradley E},
year = {2011},
title = {Mapping and analysis of chromatin state dynamics in nine human cell types.},
journal = {Nature},
volume = {473},
number = {7345},
pages = {43--9},
doi = {10.1038/nature09906}
}
@article{Ernst2012,
author = {Ernst, Joel D.},
year = {2012},
title = {The immunological life cycle of tuberculosis.},
journal = {Nature reviews. Immunology},
volume = {12},
number = {8},
pages = {581--91},
doi = {10.1038/nri3259}
}
@article{Eshet1984,
author = {Eshet, R and Laron, Z and Pertzelan, A and Arnon, R and Dintzman, M},
year = {1984},
title = {Defect of human growth hormone receptors in the liver of two patients with {L}aron-type dwarfism.},
journal = {Israel journal of medical sciences},
volume = {20},
number = {1},
pages = {8--11},
doi = {}
}
@article{Ewels2016,
author = {Ewels, Philip and Magnusson, M{\aa}ns and Lundin, Sverker and K{\"{a}}ller, Max},
year = {2016},
title = {{MultiQC}: summarize analysis results for multiple tools and samples in a single report.},
journal = {Bioinformatics (Oxford, England)},
volume = {},
number = {June},
pages = {btw354},
doi = {10.1093/bioinformatics/btw354}
}
@article{Farh2015,
author = {Farh, Kyle Kai-how and Marson, Alexander and Zhu, Jiang and Kleinewietfeld, Markus and Housley, William J and Beik, Samantha and Shoresh, Noam and Whitton, Holly and Ryan, Russell J H and Shishkin, Alexander a and Hatan, Meital and Carrasco-Alfonso, Marlene J and Mayer, Dita and Luckey, C John and Patsopoulos, Nikolaos a and {De Jager}, Philip L and Kuchroo, Vijay K and Epstein, Charles B and Daly, Mark J and Hafler, David A and Bernstein, Bradley E},
year = {2015},
title = {Genetic and epigenetic fine mapping of causal autoimmune disease variants.},
journal = {Nature},
volume = {518},
number = {7539},
pages = {337--43},
doi = {10.1038/nature13835}
}
@article{Fehrmann2013,
author = {Fehrmann, S. and Bottin-Duplus, H. and Leonidou, A. and Mollereau, E. and Barthelaix, A. and Wei, W. and Steinmetz, L. M. and Yvert, G.},
year = {2013},
title = {Natural sequence variants of yeast environmental sensors confer cell-to-cell expression variability},
journal = {Mol Syst Biol},
volume = {9},
number = {1},
pages = {695},
doi = {10.1038/msb.2013.53}
}
@article{Finak2015,
author = {Finak, Greg and McDavid, Andrew and Yajima, Masanao and Deng, Jingyuan and Gersuk, Vivian and Shalek, Alex K. and Slichter, Chloe K. and Miller, Hannah W. and MCElrath, M. Juliana and Prlic, Martin and Linsley, Peter S.},
year = {2015},
title = {{MAST}: a flexible statistical framework for assessing transcriptional changes and characterizing heterogeneity in single-cell {RNA} sequencing data.},
journal = {Genome Biology},
volume = {16},
number = {278},
pages = {1-13},
doi = {10.1186/s13059-015-0844-5}
}
@article{Flutre2013,
author = {Flutre, Timoth{\'{e}}e and Wen, Xiaoquan and Pritchard, Jonathan and Stephens, Matthew},
year = {2013},
title = {A statistical framework for joint {eQTL} analysis in multiple tissues.},
journal = {PLoS genetics},
volume = {9},
number = {5},
pages = {e1003486},
doi = {10.1371/journal.pgen.1003486}
}
@article{Flynn1992,
author = {Flynn, J L and Goldstein, M M and Triebold, K J and Koller, B and Bloom, B R},
year = {1992},
title = {Major histocompatibility complex class {I}-restricted {T} cells are required for resistance to {M}ycobacterium tuberculosis infection.},
journal = {Proceedings of the National Academy of Sciences of the United States of America},
volume = {89},
number = {24},
pages = {12013--7},
doi = {10.1073/pnas.89.24.12013}
}
@article{Franke2009,
author = {Franke, Lude and Jansen, Ritsert C},
year = {2009},
title = {{eQTL} analysis in humans.},
journal = {Methods in molecular biology (Clifton, N.J.)},
volume = {573},
number = {},
pages = {311--28},
doi = {10.1007/978-1-60761-247-6_17}
}
@article{Friedman2010,
author = {Friedman, Jerome and Hastie, Trevor and Tibshirani, Robert},
year = {2010},
title = {Regularization Paths for Generalized Linear Models via Coordinate Descent},
journal = {Journal of Statistical Software},
volume = {33},
number = {1},
pages = {2008--2010},
doi = {10.18637/jss.v033.i01}
}
@article{Fu2011,
author = {Fu, G. K. and Hu, J. and Wang, P. H. and Fodor, S. P.},
year = {2011},
title = {Counting individual {DNA} molecules by the stochastic attachment of diverse labels},
journal = {Proc Natl Acad Sci U S A},
volume = {108},
number = {22},
pages = {9026-31},
doi = {10.1073/pnas.1017621108}
}
@article{Fumagalli2011,
author = {Fumagalli, Matteo and Sironi, Manuela and Pozzoli, Uberto and Ferrer-Admetlla, Anna and Ferrer-Admettla, Anna and Pattini, Linda and Nielsen, Rasmus},
year = {2011},
title = {Signatures of environmental genetic adaptation pinpoint pathogens as the main selective pressure through human evolution.},
journal = {PLoS genetics},
volume = {7},
number = {11},
pages = {e1002355},
doi = {10.1371/journal.pgen.1002355}
}
@article{Fumagalli2014,
author = {Fumagalli, Matteo and Sironi, Manuela},
year = {2014},
title = {Human genome variability, natural selection and infectious diseases.},
journal = {Current opinion in immunology},
volume = {30},
number = {},
pages = {9--16},
doi = {10.1016/j.coi.2014.05.001}
}
@article{GO2015,
author = {{The Gene Ontology Consortium}},
year = {2015},
title = {{G}ene {O}ntology {C}onsortium: going forward.},
journal = {Nucleic Acids Research},
volume = {43},
number = {Database issue},
pages = {D1049-1056},
doi = {10.1093/nar/gku1179}
}
@article{GTEx2013,
author = {{GTEx Consortium}},
year = {2013},
title = {The Genotype-Tissue Expression ({GTEx}) project.},
journal = {Nature genetics},
volume = {45},
number = {6},
pages = {580--5},
doi = {10.1038/ng.2653}
}
@article{GTEx2015,
author = {{GTEx Consortium}},
year = {2015},
title = {Human genomics. The Genotype-Tissue Expression ({GTEx}) pilot analysis: multitissue gene regulation in humans.},
journal = {Science (New York, N.Y.)},
volume = {348},
number = {6235},
pages = {648--60},
doi = {10.1126/science.1262110}
}
@article{Gagneux2006,
author = {Gagneux, Sebastien and DeRiemer, Kathryn and Van, Tran and Kato-Maeda, Midori and de Jong, Bouke C and Narayanan, Sujatha and Nicol, Mark and Niemann, Stefan and Kremer, Kristin and Gutierrez, M Cristina and Hilty, Markus and Hopewell, Philip C and Small, Peter M},
year = {2006},
title = {Variable host-pathogen compatibility in {M}ycobacterium tuberculosis.},
journal = {Proceedings of the National Academy of Sciences of the United States of America},
volume = {103},
number = {8},
pages = {2869--73},
doi = {10.1073/pnas.0511240103}
}
@article{Genshaft2016,
author = {Genshaft, Alex S and Li, Shuqiang and Gallant, Caroline J. and Darmanis, Spyros and Prakadan, Sanjay M. and Ziegler, Carly G. K. and Lundberg, Martin and Fredriksson, Simon and Hong, Joyce and Regev, Aviv and Livak, Kenneth J. and Landegren, Ulf and Shalek, Alex K.},
year = {2016},
title = {Multiplexed, targeted profiling of single-cell proteomes and transcriptomes in a single reaction.},
journal = {Genome biology},
volume = {17},
number = {1},
pages = {188},
doi = {10.1186/s13059-016-1045-6}
}
@article{Giacomini2001,
author = {Giacomini, E and Iona, E and Ferroni, L and Miettinen, M and Fattorini, L and Orefici, G and Julkunen, I and Coccia, E M},
year = {2001},
title = {Infection of human macrophages and dendritic cells with {M}ycobacterium tuberculosis induces a differential cytokine gene expression that modulates {T} cell response.},
journal = {Journal of immunology (Baltimore, Md. : 1950)},
volume = {166},
number = {12},
pages = {7033--41},
doi = {}
}
@article{Gilad2015,
author = {Gilad, Yoav and Mizrahi-Man, Orna},
year = {2015},
title = {A reanalysis of mouse {ENCODE} comparative gene expression data.},
journal = {F1000Research},
volume = {4},
number = {May 2015},
pages = {121},
doi = {10.12688/f1000research.6536.1}
}
@article{Glaziou2015,
author = {Glaziou, Philippe and Sismanidis, Charalambos and Floyd, Katherine and Raviglione, Mario},
year = {2015},
title = {Global epidemiology of tuberculosis.},
journal = {Cold Spring Harbor perspectives in medicine},
volume = {5},
number = {2},
pages = {445--461},
doi = {10.1101/cshperspect.a017798}
}
@article{Godowski1989,
author = {Godowski, P J and Leung, D W and Meacham, L R and Galgani, J P and Hellmiss, R and Keret, R and Rotwein, P S and Parks, J S and Laron, Z and Wood, W I},
year = {1989},
title = {Characterization of the human growth hormone receptor gene and demonstration of a partial gene deletion in two patients with {L}aron-type dwarfism.},
journal = {Proceedings of the National Academy of Sciences of the United States of America},
volume = {86},
number = {20},
pages = {8083--7},
doi = {10.1073/pnas.86.20.8083}
}
@article{Grotzke2009,
author = {Grotzke, Jeff E. and Harriff, Melanie J. and Siler, Anne C. and Nolt, Dawn and Delepine, Jacob and Lewinsohn, Deborah A and Lewinsohn, David M.},
year = {2009},
title = {The {M}ycobacterium tuberculosis phagosome is a {HLA-I} processing competent organelle.},
journal = {PLoS pathogens},
volume = {5},
number = {4},
pages = {e1000374},
doi = {10.1371/journal.ppat.1000374}
}
@article{Grotzke2010,
author = {Grotzke, Jeff E and Siler, Anne C and Lewinsohn, Deborah A and Lewinsohn, David M},
year = {2010},
title = {Secreted immunodominant {M}ycobacterium tuberculosis antigens are processed by the cytosolic pathway.},
journal = {Journal of immunology (Baltimore, Md. : 1950)},
volume = {185},
number = {7},
pages = {4336--43},
doi = {10.4049/jimmunol.1000801}
}
@article{Grun2014,
author = {Grün, D. and Kester, L. and van Oudenaarden, A.},
year = {2014},
title = {Validation of noise models for single-cell transcriptomics},
journal = {Nat Methods},
volume = {11},
number = {6},
pages = {637-40},
doi = {10.1038/nmeth.2930}
}
@article{Grun2015,
author = {Grün, D. and van Oudenaarden, A.},
year = {2015},
title = {Design and analysis of single-cell sequencing experiments.},
journal = {Cell},
volume = {163},
number = {4},
pages = {799-810},
doi = {10.1016/j.cell.2015.10.039}
}
@article{Gysemans2005,
author = {Gysemans, Conny a. and Cardozo, Alessandra K. and Callewaert, Hanne and Giulietti, Annapaula and Hulshagen, Leen and Bouillon, Roger and Eizirik, D{\'{e}}cio L. and Mathieu, Chantal},
year = {2005},
title = {1,25-Dihydroxyvitamin {D}3 modulates expression of chemokines and cytokines in pancreatic islets: implications for prevention of diabetes in nonobese diabetic mice.},
journal = {Endocrinology},
volume = {146},
number = {4},
pages = {1956--64},
doi = {10.1210/en.2004-1322}
}
@article{HGP2004,
author = {{International Human Genome Sequencing Consortium}},
year = {2004},
title = {Finishing the euchromatic sequence of the human genome.},
journal = {Nature},
volume = {431},
number = {7011},
pages = {931--45},
doi = {10.1038/nature03001}
}
@article{Hamblin2002,
author = {Hamblin, Martha T and Thompson, Emma E and {Di Rienzo}, Anna},
year = {2002},
title = {Complex signatures of natural selection at the {Duffy} blood group locus.},
journal = {American journal of human genetics},
volume = {70},
number = {2},
pages = {369--83},
doi = {10.1086/338628}
}
@article{Handel2016,
author = {Handel, A. E. and Chintawar, S. and Lalic, T. and Whiteley, E. and Vowles, J. and Giustacchini, A. and Argoud, K. and Sopp, P. and Nakanishi, M. and Bowden, R. and Cowley, S. and Newey, S. and Akerman, C. and Ponting, C. P. and Cader, M. Z.},
year = {2016},
title = {Assessing similarity to primary tissue and cortical layer identity in induced pluripotent stem cell-derived cortical neurons through single-cell transcriptomics},
journal = {Hum Mol Genet},
volume = {25},
number = {5},
pages = {989-1000},
doi = {10.1093/hmg/ddv637}
}
@article{HapMap2005,
author = {{International HapMap Consortium}},
year = {2005},
title = {A haplotype map of the human genome.},
journal = {Nature},
volume = {437},
number = {7063},
pages = {1299--320},
doi = {10.1038/nature04226}
}
@article{HapMap2007,
author = {{International HapMap Consortium} and Frazer, Kelly A and Ballinger, Dennis G and Cox, David R and Hinds, David A and Stuve, Laura L and Gibbs, Richard a and Belmont, John W and Boudreau, Andrew and Hardenbol, Paul and Leal, Suzanne M and Pasternak, Shiran and Wheeler, David A and Willis, Thomas D and Yu, Fuli and Yang, Huanming and Zeng, Changqing and Gao, Yang and Hu, Haoran and Hu, Weitao and Li, Chaohua and Lin, Wei and Liu, Siqi and Pan, Hao and Tang, Xiaoli and Wang, Jian and Wang, Wei and Yu, Jun and Zhang, Bo and Zhang, Qingrun and Zhao, Hongbin and Zhao, Hui and Zhou, Jun and Gabriel, Stacey B and Barry, Rachel and Blumenstiel, Brendan and Camargo, Amy and Defelice, Matthew and Faggart, Maura and Goyette, Mary and Gupta, Supriya and Moore, Jamie and Nguyen, Huy and Onofrio, Robert C and Parkin, Melissa and Roy, Jessica and Stahl, Erich and Winchester, Ellen and Ziaugra, Liuda and Altshuler, David and Shen, Yan and Yao, Zhijian and Huang, Wei and Chu, Xun and He, Yungang and Jin, Li and Liu, Yangfan and Shen, Yayun and Sun, Weiwei and Wang, Haifeng and Wang, Yi and Wang, Ying and Xiong, Xiaoyan and Xu, Liang and Waye, Mary M Y and Tsui, Stephen K W and Xue, Hong and Wong, J Tze-Fei and Galver, Luana M and Fan, Jian-Bing and Gunderson, Kevin and Murray, Sarah S and Oliphant, Arnold R and Chee, Mark S and Montpetit, Alexandre and Chagnon, Fanny and Ferretti, Vincent and Leboeuf, Martin and Olivier, Jean-Fran{\c{c}}ois and Phillips, Michael S and Roumy, St{\'{e}}phanie and Sall{\'{e}}e, Cl{\'{e}}mentine and Verner, Andrei and Hudson, Thomas J and Kwok, Pui-Yan and Cai, Dongmei and Koboldt, Daniel C and Miller, Raymond D and Pawlikowska, Ludmila and Taillon-Miller, Patricia and Xiao, Ming and Tsui, Lap-Chee and Mak, William and Song, You Qiang and Tam, Paul K H and Nakamura, Yusuke and Kawaguchi, Takahisa and Kitamoto, Takuya and Morizono, Takashi and Nagashima, Atsushi and Ohnishi, Yozo and Sekine, Akihiro and Tanaka, Toshihiro and Tsunoda, Tatsuhiko and Deloukas, Panos and Bird, Christine P and Delgado, Marcos and Dermitzakis, Emmanouil T and Gwilliam, Rhian and Hunt, Sarah and Morrison, Jonathan and Powell, Don and Stranger, Barbara E and Whittaker, Pamela and Bentley, David R and Daly, Mark J and de Bakker, Paul I W and Barrett, Jeff and Chretien, Yves R and Maller, Julian and McCarroll, Steve and Patterson, Nick and Pe'er, Itsik and Price, Alkes and Purcell, Shaun and Richter, Daniel J and Sabeti, Pardis and Saxena, Richa and Schaffner, Stephen F and Sham, Pak C and Varilly, Patrick and Altshuler, David and Stein, Lincoln D and Krishnan, Lalitha and Smith, Albert Vernon and Tello-Ruiz, Marcela K and Thorisson, Gudmundur a and Chakravarti, Aravinda and Chen, Peter E and Cutler, David J and Kashuk, Carl S and Lin, Shin and Abecasis, Gon{\c{c}}alo R and Guan, Weihua and Li, Yun and Munro, Heather M and Qin, Zhaohui Steve and Thomas, Daryl J and McVean, Gilean and Auton, Adam and Bottolo, Leonardo and Cardin, Niall and Eyheramendy, Susana and Freeman, Colin and Marchini, Jonathan and Myers, Simon and Spencer, Chris and Stephens, Matthew and Donnelly, Peter and Cardon, Lon R and Clarke, Geraldine and Evans, David M and Morris, Andrew P and Weir, Bruce S and Tsunoda, Tatsuhiko and Mullikin, James C and Sherry, Stephen T and Feolo, Michael and Skol, Andrew and Zhang, Houcan and Zeng, Changqing and Zhao, Hui and Matsuda, Ichiro and Fukushima, Yoshimitsu and Macer, Darryl R and Suda, Eiko and Rotimi, Charles N and Adebamowo, Clement a and Ajayi, Ike and Aniagwu, Toyin and Marshall, Patricia A and Nkwodimmah, Chibuzor and Royal, Charmaine D M and Leppert, Mark F and Dixon, Missy and Peiffer, Andy and Qiu, Renzong and Kent, Alastair and Kato, Kazuto and Niikawa, Norio and Adewole, Isaac F and Knoppers, Bartha M and Foster, Morris W and Clayton, Ellen Wright and Watkin, Jessica and Gibbs, Richard a and Belmont, John W and Muzny, Donna and Nazareth, Lynne and Sodergren, Erica and Weinstock, George M and Wheeler, David A and Yakub, Imtaz and Gabriel, Stacey B and Onofrio, Robert C and Richter, Daniel J and Ziaugra, Liuda and Birren, Bruce W and Daly, Mark J and Altshuler, David and Wilson, Richard K and Fulton, Lucinda L and Rogers, Jane and Burton, John and Carter, Nigel P and Clee, Christopher M and Griffiths, Mark and Jones, Matthew C and McLay, Kirsten and Plumb, Robert W and Ross, Mark T and Sims, Sarah K and Willey, David L and Chen, Zhu and Han, Hua and Kang, Le and Godbout, Martin and Wallenburg, John C and L'Archev{\^{e}}que, Paul and Bellemare, Guy and Saeki, Koji and Wang, Hongguang and An, Daochang and Fu, Hongbo and Li, Qing and Wang, Zhen and Wang, Renwu and Holden, Arthur L and Brooks, Lisa D and McEwen, Jean E and Guyer, Mark S and Wang, Vivian Ota and Peterson, Jane L and Shi, Michael and Spiegel, Jack and Sung, Lawrence M and Zacharia, Lynn F and Collins, Francis S and Kennedy, Karen and Jamieson, Ruth and Stewart, John},
year = {2007},
title = {A second generation human haplotype map of over 3.1 million {SNP}s.},
journal = {Nature},
volume = {449},
number = {7164},
pages = {851--61},
doi = {10.1038/nature06258}
}
@article{HapMap2010,
author = {{International HapMap 3 Consortium} and Altshuler, David M and Gibbs, Richard a and Peltonen, Leena and Altshuler, David M and Gibbs, Richard a and Peltonen, Leena and Dermitzakis, Emmanouil and Schaffner, Stephen F and Yu, Fuli and Peltonen, Leena and Dermitzakis, Emmanouil and Bonnen, Penelope E and Altshuler, David M and Gibbs, Richard a and de Bakker, Paul I W and Deloukas, Panos and Gabriel, Stacey B and Gwilliam, Rhian and Hunt, Sarah and Inouye, Michael and Jia, Xiaoming and Palotie, Aarno and Parkin, Melissa and Whittaker, Pamela and Yu, Fuli and Chang, Kyle and Hawes, Alicia and Lewis, Lora R and Ren, Yanru and Wheeler, David and Gibbs, Richard a and Muzny, Donna Marie and Barnes, Chris and Darvishi, Katayoon and Hurles, Matthew and Korn, Joshua M and Kristiansson, Kati and Lee, Charles and McCarrol, Steven a and Nemesh, James and Dermitzakis, Emmanouil and Keinan, Alon and Montgomery, Stephen B and Pollack, Samuela and Price, Alkes L and Soranzo, Nicole and Bonnen, Penelope E and Gibbs, Richard a and Gonzaga-Jauregui, Claudia and Keinan, Alon and Price, Alkes L and Yu, Fuli and Anttila, Verneri and Brodeur, Wendy and Daly, Mark J and Leslie, Stephen and McVean, Gil and Moutsianas, Loukas and Nguyen, Huy and Schaffner, Stephen F and Zhang, Qingrun and Ghori, Mohammed J R and McGinnis, Ralph and McLaren, William and Pollack, Samuela and Price, Alkes L and Schaffner, Stephen F and Takeuchi, Fumihiko and Grossman, Sharon R and Shlyakhter, Ilya and Hostetter, Elizabeth B and Sabeti, Pardis C and Adebamowo, Clement a and Foster, Morris W and Gordon, Deborah R and Licinio, Julio and Manca, Maria Cristina and Marshall, Patricia a and Matsuda, Ichiro and Ngare, Duncan and Wang, Vivian Ota and Reddy, Deepa and Rotimi, Charles N and Royal, Charmaine D and Sharp, Richard R and Zeng, Changqing and Brooks, Lisa D and McEwen, Jean E},
year = {2010},
title = {Integrating common and rare genetic variation in diverse human populations.},
journal = {Nature},
volume = {467},
number = {7311},
pages = {52--8},
doi = {10.1038/nature09298}
}
@article{HapMapConsortium2005,
author = {{The International Hapmap Consortium}},
year = {2005},
title = {A haplotype map of the human genome.},
journal = {Nature},
volume = {437},
number = {7063},
pages = {1299--320},
doi = {10.1038/nature04226}
}
@article{Henikoff2011,
author = {Henikoff, Steven and Shilatifard, Ali},
year = {2011},
title = {Histone modification: cause or cog?},
journal = {Trends in genetics : TIG},
volume = {27},
number = {10},
pages = {389--96},
doi = {10.1016/j.tig.2011.06.006}
}
@article{Hestvik2005,
author = {Hestvik, Anne Lise K and Hmama, Zakaria and Av-Gay, Yossef},
year = {2005},
title = {Mycobacterial manipulation of the host cell.},
journal = {FEMS microbiology reviews},
volume = {29},
number = {5},
pages = {1041--50},
doi = {10.1016/j.femsre.2005.04.013}
}
@article{Hett2008,
author = {Hett, Erik C and Rubin, Eric J},
year = {2008},
title = {Bacterial growth and cell division: a mycobacterial perspective.},
journal = {Microbiology and molecular biology reviews : MMBR},
volume = {72},
number = {1},
pages = {126--56, table of contents},
doi = {10.1128/MMBR.00028-07}
}
@article{Hewison2011,
author = {Hewison, Martin},
year = {2011},
title = {Antibacterial effects of vitamin {D}.},
journal = {Nature reviews. Endocrinology},
volume = {7},
number = {6},
pages = {337--45},
doi = {10.1038/nrendo.2010.226}
}
@article{Hicks2015,
author = {Hicks, Stephanie C and Teng, Mingxiang and Irizarry, Rafael A},
year = {2015},
title = {On the widespread and critical impact of systematic bias and batch effects in single-cell {RNA}-Seq data},
journal = {bioRxiv},
volume = {},
number = {},
pages = {},
doi = {10.1101/025528}
}
@article{Hindorff2009,
author = {Hindorff, Lucia a and Sethupathy, Praveen and Junkins, Heather a and Ramos, Erin M and Mehta, Jayashri P and Collins, Francis S and Manolio, Teri a},
year = {2009},
title = {Potential etiologic and functional implications of genome-wide association loci for human diseases and traits.},
journal = {Proceedings of the National Academy of Sciences of the United States of America},
volume = {106},
number = {23},
pages = {9362--7},
doi = {10.1073/pnas.0903103106}
}
@article{Hirschhorn2005,
author = {Hirschhorn, Joel N and Daly, Mark J},
year = {2005},
title = {Genome-wide association studies for common diseases and complex traits.},
journal = {Nature reviews. Genetics},
volume = {6},
number = {2},
pages = {95--108},
doi = {10.1038/nrg1521}
}
@article{Ho2014,
author = {Ho, Joshua W. K. and Jung, Youngsook L. and Liu, Tao and Alver, Burak H. and Lee, Soohyun and Ikegami, Kohta and Sohn, Kyung-Ah and Minoda, Aki and Tolstorukov, Michael Y. and Appert, Alex and Parker, Stephen C. J. and Gu, Tingting and Kundaje, Anshul and Riddle, Nicole C. and Bishop, Eric and Egelhofer, Thea A. and Hu, Sheng'en Shawn and Alekseyenko, Artyom A. and Rechtsteiner, Andreas and Asker, Dalal and Belsky, Jason A. and Bowman, Sarah K. and Chen, Q Brent and Chen, Ron A.-J. and Day, Daniel S. and Dong, Yan and Dose, Andrea C. and Duan, Xikun and Epstein, Charles B. and Ercan, Sevinc and Feingold, Elise A. and Ferrari, Francesco and Garrigues, Jacob M. and Gehlenborg, Nils and Good, Peter J. and Haseley, Psalm and He, Daniel and Herrmann, Moritz and Hoffman, Michael M. and Jeffers, Tess E. and Kharchenko, Peter V. and Kolasinska-Zwierz, Paulina and Kotwaliwale, Chitra V. and Kumar, Nischay and Langley, Sasha A. and Larschan, Erica N. and Latorre, Isabel and Libbrecht, Maxwell W. and Lin, Xueqiu and Park, Richard and Pazin, Michael J. and Pham, Hoang N. and Plachetka, Annette and Qin, Bo and Schwartz, Yuri B. and Shoresh, Noam and Stempor, Przemyslaw and Vielle, Anne and Wang, Chengyang and Whittle, Christina M. and Xue, Huiling and Kingston, Robert E. and Kim, Ju Han and Bernstein, Bradley E. and Dernburg, Abby F. and Pirrotta, Vincenzo and Kuroda, Mitzi I. and Noble, William S. and Tullius, Thomas D. and Kellis, Manolis and MacAlpine, David M. and Strome, Susan and Elgin, Sarah C. R. and Liu, Xiaole Shirley and Lieb, Jason D. and Ahringer, Julie and Karpen, Gary H. and Park, Peter J.},
year = {2014},
title = {Comparative analysis of metazoan chromatin organization.},
journal = {Nature},
volume = {512},
number = {7515},
pages = {449--52},
doi = {10.1038/nature13415}
}
@article{Homolka2010,
author = {Homolka, Susanne and Niemann, Stefan and Russell, David G. and Rohde, Kyle H.},
year = {2010},
title = {Functional genetic diversity among {M}ycobacterium tuberculosis complex clinical isolates: delineation of conserved core and lineage-specific transcriptomes during intracellular survival.},
journal = {PLoS pathogens},
volume = {6},
number = {7},
pages = {e1000988},
doi = {10.1371/journal.ppat.1000988}
}
@article{Hopkins2005,
author = {Hopkins, Philip a. and Sriskandan, S.},
year = {2005},
title = {Mammalian Toll-like receptors: to immunity and beyond.},
journal = {Clinical and experimental immunology},
volume = {140},
number = {3},
pages = {395--407},
doi = {10.1111/j.1365-2249.2005.02801.x}
}
@article{Hornef2002,
author = {Hornef, Mathias W and Wick, Mary Jo and Rhen, Mikael and Normark, Staffan},
year = {2002},
title = {Bacterial strategies for overcoming host innate and adaptive immune responses.},
journal = {Nature immunology},
volume = {3},
number = {11},
pages = {1033--40},
doi = {10.1038/ni1102-1033}
}
@article{Hsu2003,
author = {Hsu, Tsungda and Hingley-Wilson, Suzanne M and Chen, Bing and Chen, Mei and Dai, Annie Z and Morin, Paul M and Marks, Carolyn B and Padiyar, Jeevan and Goulding, Celia and Gingery, Mari and Eisenberg, David and Russell, Robert G and Derrick, Steven C and Collins, Frank M and Morris, Sheldon L and King, C Harold and Jacobs, William R},
year = {2003},
title = {The primary mechanism of attenuation of Bacillus {Calmette-Gu\'{e}rin} is a loss of secreted lytic function required for invasion of lung interstitial tissue.},
journal = {Proceedings of the National Academy of Sciences of the United States of America},
volume = {100},
number = {21},
pages = {12420--5},
doi = {10.1073/pnas.1635213100}
}
@article{Huang2001,
author = {Huang, Q and Liu, D and Majewski, P and Schulte, L C and Korn, J M and Young, R a and Lander, E S and Hacohen, N},
year = {2001},
title = {The plasticity of dendritic cell responses to pathogens and their components.},
journal = {Science (New York, N.Y.)},
volume = {294},
number = {5543},
pages = {870--5},
doi = {10.1126/science.294.5543.870}
}
@article{Huang2012,
author = {Huang, Wen and Richards, Stephen and Carbone, Mary Anna and Zhu, Dianhui and Anholt, Robert R H and Ayroles, Julien F and Duncan, Laura and Jordan, Katherine W and Lawrence, Faye and Magwire, Michael M and Warner, Crystal B and Blankenburg, Kerstin and Han, Yi and Javaid, Mehwish and Jayaseelan, Joy and Jhangiani, Shalini N and Muzny, Donna and Ongeri, Fiona and Perales, Lora and Wu, Yuan-Qing and Zhang, Yiqing and Zou, Xiaoyan and Stone, Eric a and Gibbs, Richard a and Mackay, Trudy F C},
year = {2012},
title = {Epistasis dominates the genetic architecture of Drosophila quantitative traits.},
journal = {Proceedings of the National Academy of Sciences of the United States of America},
volume = {109},
number = {39},
pages = {15553--9},
doi = {10.1073/pnas.1213423109}
}
@article{Huber2015,
author = {Huber, Wolfgang and Carey, Vincent J and Gentleman, Robert and Anders, Simon and Carlson, Marc and Carvalho, Benilton S and Bravo, Hector Corrada and Davis, Sean and Gatto, Laurent and Girke, Thomas and Gottardo, Raphael and Hahne, Florian and Hansen, Kasper D and Irizarry, Rafael a and Lawrence, Michael and Love, Michael I and MacDonald, James and Obenchain, Valerie and Ole{\'{s}}, Andrzej K and Pag{\`{e}}s, Herv{\'{e}} and Reyes, Alejandro and Shannon, Paul and Smyth, Gordon K and Tenenbaum, Dan and Waldron, Levi and Morgan, Martin},
year = {2015},
title = {Orchestrating high-throughput genomic analysis with {B}ioconductor.},
journal = {Nature methods},
volume = {12},
number = {2},
pages = {115--21},
doi = {10.1038/nmeth.3252}
}
@article{Ioerger2010,
author = {Ioerger, Thomas R. and Feng, Yicheng and Ganesula, Krishna and Chen, Xiaohua and Dobos, Karen M. and Fortune, Sarah and Jacobs, William R. and Mizrahi, Valerie and Parish, Tanya and Rubin, Eric and Sassetti, Chris and Sacchettini, James C.},
year = {2010},
title = {Variation among genome sequences of {H37Rv} strains of {M}ycobacterium tuberculosis from multiple laboratories.},
journal = {Journal of bacteriology},
volume = {192},
number = {14},
pages = {3645--53},
doi = {10.1128/JB.00166-10}
}
@article{Islam2011,
author = {Islam, S. and Kjallquist, U. and Moliner, A. and Zajac, P. and Fan, J. B. and Lonnerberg, P. and Linnarsson, S.},
year = {2011},
title = {Characterization of the single-cell transcriptional landscape by highly multiplex {RNA}-seq},
journal = {Genome Res},
volume = {21},
number = {7},
pages = {1160-7},
doi = {10.1101/gr.110882.110}
}
@article{Islam2012,
author = {Islam, S. and Kjallquist, U. and Moliner, A. and Zajac, P. and Fan, J. B. and Lonnerberg, P. and Linnarsson, S.},
year = {2012},
title = {Highly multiplexed and strand-specific single-cell {RNA} 5' end sequencing},
journal = {Nat Protoc},
volume = {7},
number = {5},
pages = {813-28},
doi = {10.1038/nprot.2012.022}
}
@article{Islam2014,
author = {Islam, Saiful and Zeisel, Amit and Joost, Simon and {La Manno}, Gioele and Zajac, Pawel and Kasper, Maria and L\"{o}nnerberg, Peter and Linnarsson, Sten},
year = {2014},
title = {Quantitative single-cell {RNA}-seq with unique molecular identifiers.},
journal = {Nature methods},
volume = {11},
number = {1},
pages = {163--6},
doi = {10.1038/nmeth.2772}
}
@article{Iwasaki2004,
author = {Iwasaki, Akiko and Medzhitov, Ruslan},
year = {2004},
title = {Toll-like receptor control of the adaptive immune responses.},
journal = {Nature immunology},
volume = {5},
number = {10},
pages = {987--95},
doi = {10.1038/ni1112}
}
@article{Jacobsen2011,
author = {Jacobsen, M. and Repsilber, D. and Kleinsteuber, K. and Gutschmidt, A. and Schommer-Leitner, S. and Black, G. and Walzl, G. and Kaufmann, S. H E},
year = {2011},
title = {Suppressor of cytokine signaling-3 is affected in {T}-cells from tuberculosis{TB} patients.},
journal = {Clinical microbiology and infection : the official publication of the European Society of Clinical Microbiology and Infectious Diseases},
volume = {17},
number = {9},
pages = {1323--31},
doi = {10.1111/j.1469-0691.2010.03326.x}
}
@article{Jaitin2014,
author = {Jaitin, D. A. and Kenigsberg, E. and Keren-Shaul, H. and Elefant, N. and Paul, F. and Zaretsky, I. and Mildner, A. and Cohen, N. and Jung, S. and Tanay, A. and Amit, I.},
year = {2014},
title = {Massively parallel single-cell {RNA}-seq for marker-free decomposition of tissues into cell types},
journal = {Science},
volume = {343},
number = {6172},
pages = {776-9},
doi = {10.1126/science.1247651}
}
@article{Janeway2002,
author = {Janeway, Charles a and Medzhitov, Ruslan},
year = {2002},
title = {Innate immune recognition.},
journal = {Annual review of immunology},
volume = {20},
number = {2},
pages = {197--216},
doi = {10.1146/annurev.immunol.20.083001.084359}
}
@article{Jayaswal2010,
author = {Jayaswal, Shilpi and Kamal, Md Azhar and Dua, Raina and Gupta, Shashank and Majumdar, Tanmay and Das, Gobardhan and Kumar, Dhiraj and Rao, Kanury V S},
year = {2010},
title = {Identification of host-dependent survival factors for intracellular {M}ycobacterium tuberculosis through an {siRNA} screen.},
journal = {PLoS pathogens},
volume = {6},
number = {4},
pages = {e1000839},
doi = {10.1371/journal.ppat.1000839}
}
@article{Jenner2005,
author = {Jenner, Richard G and Young, Richard a},
year = {2005},
title = {Insights into host responses against pathogens from transcriptional profiling.},
journal = {Nature reviews. Microbiology},
volume = {3},
number = {4},
pages = {281--94},
doi = {10.1038/nrmicro1126}
}
@article{Jenuwein2001,
author = {Jenuwein, T and Allis, C D},
year = {2001},
title = {Translating the histone code.},
journal = {Science (New York, N.Y.)},
volume = {293},
number = {5532},
pages = {1074--80},
doi = {10.1126/science.1063127}
}
@article{Jiang2011,
author = {Jiang, L. and Schlesinger, F. and Davis, C. A. and Zhang, Y. and Li, R. and Salit, M. and Gingeras, T. R. and Oliver, B.},
year = {2011},
title = {Synthetic spike-in standards for {RNA}-seq experiments},
journal = {Genome Res},
volume = {21},
number = {9},
pages = {1543-51},
doi = {10.1101/gr.121095.111}
}
@article{Johnson2013,
author = {Johnson, Jenny L. and Jones, Mark B. and Ryan, Sean O. and Cobb, Brian a.},
year = {2013},
title = {The regulatory power of glycans and their binding partners in immunity.},
journal = {Trends in immunology},
volume = {34},
number = {6},
pages = {290--8},
doi = {10.1016/j.it.2013.01.006}
}
@article{Joshi2011,
author = {Joshi, NA and Fass, JN},
year = {2011},
title = {Sickle: A sliding-window, adaptive, quality-based trimming tool for {FastQ} files (Version 1.33) [Software]},
journal = {Available at https://github.com/najoshi/sickle},
volume = {},
number = {},
pages = {},
doi = {}
}
@article{Jostins2012,
author = {Jostins, Luke and Ripke, Stephan and Weersma, Rinse K and Duerr, Richard H and McGovern, Dermot P and Hui, Ken Y and Lee, James C and Schumm, L Philip and Sharma, Yashoda and Anderson, Carl A and Essers, Jonah and Mitrovic, Mitja and Ning, Kaida and Cleynen, Isabelle and Theatre, Emilie and Spain, Sarah L and Raychaudhuri, Soumya and Goyette, Philippe and Wei, Zhi and Abraham, Clara and Achkar, Jean-Paul and Ahmad, Tariq and Amininejad, Leila and Ananthakrishnan, Ashwin N and Andersen, Vibeke and Andrews, Jane M and Baidoo, Leonard and Balschun, Tobias and Bampton, Peter A and Bitton, Alain and Boucher, Gabrielle and Brand, Stephan and B{\"{u}}ning, Carsten and Cohain, Ariella and Cichon, Sven and D'Amato, Mauro and {De Jong}, Dirk and Devaney, Kathy L and Dubinsky, Marla and Edwards, Cathryn and Ellinghaus, David and Ferguson, Lynnette R and Franchimont, Denis and Fransen, Karin and Gearry, Richard and Georges, Michel and Gieger, Christian and Glas, J{\"{u}}rgen and Haritunians, Talin and Hart, Ailsa and Hawkey, Chris and Hedl, Matija and Hu, Xinli and Karlsen, Tom H and Kupcinskas, Limas and Kugathasan, Subra and Latiano, Anna and Laukens, Debby and Lawrance, Ian C and Lees, Charlie W and Louis, Edouard and Mahy, Gillian and Mansfield, John and Morgan, Angharad R and Mowat, Craig and Newman, William and Palmieri, Orazio and Ponsioen, Cyriel Y and Potocnik, Uros and Prescott, Natalie J and Regueiro, Miguel and Rotter, Jerome I and Russell, Richard K and Sanderson, Jeremy D and Sans, Miquel and Satsangi, Jack and Schreiber, Stefan and Simms, Lisa A and Sventoraityte, Jurgita and Targan, Stephan R and Taylor, Kent D and Tremelling, Mark and Verspaget, Hein W and {De Vos}, Martine and Wijmenga, Cisca and Wilson, David C and Winkelmann, Juliane and Xavier, Ramnik J and Zeissig, Sebastian and Zhang, Bin and Zhang, Clarence K and Zhao, Hongyu and {International IBD Genetics Consortium (IIBDGC)} and Silverberg, Mark S and Annese, Vito and Hakonarson, Hakon and Brant, Steven R and Radford-Smith, Graham and Mathew, Christopher G and Rioux, John D and Schadt, Eric E and Daly, Mark J and Franke, Andre and Parkes, Miles and Vermeire, Severine and Barrett, Jeffrey C and Cho, Judy H},
year = {2012},
title = {Host-microbe interactions have shaped the genetic architecture of inflammatory bowel disease.},
journal = {Nature},
volume = {491},
number = {7422},
pages = {119--24},
doi = {10.1038/nature11582}
}
@article{Jun2012,
author = {Jun, Goo and Flickinger, Matthew and Hetrick, Kurt N. and Romm, Jane M. and Doheny, Kimberly F. and Abecasis, Gon\c{c}alo R. and Boehnke, Michael and Kang, Hyun Min},
year = {2012},
title = {Detecting and estimating contamination of human {DNA} samples in sequencing and array-based genotype data.},
journal = {American journal of human genetics},
volume = {91},
number = {5},
pages = {839--48},
doi = {10.1016/j.ajhg.2012.09.004}
}
@manual{Jurasinski2014,
author = {Jurasinski, Gerald and Koebsch, Franziska and Guenther, Anke and Beetz, Sascha},
year = {2014},
title = {{flux}: Flux rate calculation from dynamic closed chamber measurements},
journal = {},
volume = {},
number = {},
pages = {},
doi = {}
}
@article{Kallmann1943,
author = {Kallmann, Franz J and Reisner, David},
year = {1943},
title = {Twin studies on genetic variations in resistance to tuberculosis},
journal = {Journal of Heredity},
volume = {34},
number = {9},
pages = {269--276},
doi = {}
}
@article{Kamburov2011,
author = {Kamburov, A. and Pentchev, K. and Galicka, H. and Wierling, C. and Lehrach, H. and Herwig, R.},
year = {2011},
title = {{ConsensusPathDB}: toward a more complete picture of cell biology.},
journal = {Nucleic Acids Research},
volume = {39},
number = {Database issue},
pages = {D712-717},
doi = {10.1093/nar/gkq1156}
}
@article{Karatzoglou2004,
author = {Karatzoglou, Alexandros and Smola, Alex and Hornik, Kurt and Zeileis, Achim},
year = {2004},
title = {kernlab - An {S}4 Package for Kernel Methods in {R}},
journal = {Journal of Statistical Software},
volume = {11},
number = {9},
pages = {1--20},
doi = {10.18637/jss.v011.i09}
}
@article{Kariuki2016,
author = {Kariuki, Silvia N. and Blischak, John D. and Nakagome, Shigeki and Witonsky, David B. and {Di Rienzo}, Anna},
year = {2016},
title = {Patterns of Transcriptional Response to 1,25-Dihydroxyvitamin {D}3 and Bacterial Lipopolysaccharide in Primary Human Monocytes.},
journal = {G3 (Bethesda, Md.)},
volume = {6},
number = {5},
pages = {1345--55},
doi = {10.1534/g3.116.028712}
}
@article{Kawai2009,
author = {Kawai, Taro and Akira, Shizuo},
year = {2009},
title = {The roles of {TLR}s, {RLR}s and {NLR}s in pathogen recognition.},
journal = {International immunology},
volume = {21},
number = {4},
pages = {317--37},
doi = {10.1093/intimm/dxp017}
}
@article{Kearns2015,
author = {Kearns, Malcolm D and Alvarez, Jessica A and Seidel, Natan and Tangpricha, Vin},
year = {2015},
title = {Impact of vitamin {D} on infectious disease.},
journal = {The American journal of the medical sciences},
volume = {349},
number = {3},
pages = {245--62},
doi = {10.1097/MAJ.0000000000000360}
}
@article{Kellis2014,
author = {Kellis, Manolis and Wold, Barbara and Snyder, Michael P and Bernstein, Bradley E and Kundaje, Anshul and Marinov, Georgi K and Ward, Lucas D and Birney, Ewan and Crawford, Gregory E and Dekker, Job and Dunham, Ian and Elnitski, Laura L and Farnham, Peggy J and Feingold, Elise A and Gerstein, Mark and Giddings, Morgan C and Gilbert, David M and Gingeras, Thomas R and Green, Eric D and Guigo, Roderic and Hubbard, Tim and Kent, Jim and Lieb, Jason D and Myers, Richard M and Pazin, Michael J and Ren, Bing and Stamatoyannopoulos, John A and Weng, Zhiping and White, Kevin P and Hardison, Ross C},
year = {2014},
title = {Defining functional {DNA} elements in the human genome.},
journal = {Proceedings of the National Academy of Sciences of the United States of America},
volume = {111},
number = {17},
pages = {6131--8},
doi = {10.1073/pnas.1318948111}
}
@article{Khan2016,
author = {Khan, Nargis and Vidyarthi, Aurobind and Javed, Shifa and Agrewala, Javed N.},
year = {2016},
title = {Innate Immunity Holding the Flanks until Reinforced by Adaptive Immunity against {M}ycobacterium tuberculosis Infection.},
journal = {Frontiers in microbiology},
volume = {7},
number = {MAR},
pages = {328},
doi = {10.3389/fmicb.2016.00328}
}
@article{Kim2011c,
author = {Kim, Bae-Hoon and Shenoy, Avinash R and Kumar, Pradeep and Das, Rituparna and Tiwari, Sangeeta and MacMicking, John D},
year = {2011},
title = {A family of {IFN}-$\gamma$-inducible 65-{kD} {GTP}ases protects against bacterial infection.},
journal = {Science (New York, N.Y.)},
volume = {332},
number = {6030},
pages = {717--21},
doi = {10.1126/science.1201711}
}
@article{Kim2015,
author = {Kim, K. T. and Lee, H. W. and Lee, H. O. and Kim, S. C. and Seo, Y. J. and Chung, W. and Eum, H. H. and Nam, D. H. and Kim, J. and Joo, K. M. and Park, W. Y.},
year = {2015},
title = {Single-cell m{RNA} sequencing identifies subclonal heterogeneity in anti-cancer drug responses of lung adenocarcinoma cells},
journal = {Genome Biol},
volume = {16},
number = {1},
pages = {127},
doi = {10.1186/s13059-015-0692-3}
}
@article{King1975,
author = {King, M C and Wilson, A C},
year = {1975},
title = {Evolution at two levels in humans and chimpanzees.},
journal = {Science (New York, N.Y.)},
volume = {188},
number = {4184},
pages = {107--16},
doi = {}
}
@article{Kivioja2011,
author = {Kivioja, T. and Vaharautio, A. and Karlsson, K. and Bonke, M. and Enge, M. and Linnarsson, S. and Taipale, J.},
year = {2012},
title = {Counting absolute numbers of molecules using unique molecular identifiers},
journal = {Nat Methods},
volume = {9},
number = {1},
pages = {72-4},
doi = {10.1038/nmeth.1778}
}
@article{Klein2015,
author = {Klein, A. M. and Mazutis, L. and Akartuna, I. and Tallapragada, N. and Veres, A. and Li, V. and Peshkin, L. and Weitz, D. A. and Kirschner, M. W.},
year = {2015},
title = {Droplet barcoding for single-cell transcriptomics applied to embryonic stem cells},
journal = {Cell},
volume = {161},
number = {5},
pages = {1187-201},
doi = {10.1016/j.cell.2015.04.044}
}
@article{Kolodziejczyk2015,
author = {Kolodziejczyk, A. A. and Kim, J. K. and Tsang, J. C. H. and Illicic, T. and Henriksson, J. and Natarajan, K. N. and Tuke, A. C. and Gao, X. and Bühler, M. and Liu, P. and Marioni, J. C.},
year = {2015},
title = {Single cell {RNA}-Sequencing of pluripotent states unlocks modular transcriptional variation.},
journal = {Cell Stem Cell},
volume = {17},
number = {4},
pages = {471-485},
doi = {10.1016/j.stem.2015.09.011}
}
@article{Koo2012,
author = {Koo, Mi-Sun and Subbian, Selvakumar and Kaplan, Gilla},
year = {2012},
title = {Strain specific transcriptional response in {M}ycobacterium tuberculosis infected macrophages.},
journal = {Cell communication and signaling : CCS},
volume = {10},
number = {1},
pages = {2},
doi = {10.1186/1478-811X-10-2}
}
@article{Koster2012,
author = {K{\"{o}}ster, Johannes and Rahmann, Sven},
year = {2012},
title = {Snakemake--a scalable bioinformatics workflow engine.},
journal = {Bioinformatics (Oxford, England)},
volume = {28},
number = {19},
pages = {2520--2},
doi = {10.1093/bioinformatics/bts480}
}
@article{Krishnan2011,
author = {Krishnan, Nitya and Malaga, Wladimir and Constant, Patricia and Caws, Maxine and Tran, Thi Hoang Chau and Salmons, Jenifer and Nguyen, Thi Ngoc Lan and Nguyen, Duc Bang and Daff{\'{e}}, Mamadou and Young, Douglas B and Robertson, Brian D and Guilhot, Christophe and Thwaites, Guy E},
year = {2011},
title = {{M}ycobacterium tuberculosis lineage influences innate immune response and virulence and is associated with distinct cell envelope lipid profiles.},
journal = {PloS one},
volume = {6},
number = {9},
pages = {e23870},
doi = {10.1371/journal.pone.0023870}
}
@article{Kuhn2008,
author = {Kuhn, Max},
year = {2008},
title = {Building Predictive Models in {R} Using the caret Package},
journal = {Journal of Statistical Software},
volume = {28},
number = {5},
pages = {1--26},
doi = {10.18637/jss.v028.i05}
}
@article{Lander2001,
author = {Lander, E S and Linton, L M and Birren, B and Nusbaum, C and Zody, M C and Baldwin, J and Devon, K and Dewar, K and Doyle, M and FitzHugh, W and Funke, R and Gage, D and Harris, K and Heaford, A and Howland, J and Kann, L and Lehoczky, J and LeVine, R and McEwan, P and McKernan, K and Meldrim, J and Mesirov, J P and Miranda, C and Morris, W and Naylor, J and Raymond, C and Rosetti, M and Santos, R and Sheridan, A and Sougnez, C and Stange-Thomann, Y and Stojanovic, N and Subramanian, A and Wyman, D and Rogers, J and Sulston, J and Ainscough, R and Beck, S and Bentley, D and Burton, J and Clee, C and Carter, N and Coulson, A and Deadman, R and Deloukas, P and Dunham, A and Dunham, I and Durbin, R and French, L and Grafham, D and Gregory, S and Hubbard, T and Humphray, S and Hunt, A and Jones, M and Lloyd, C and McMurray, A and Matthews, L and Mercer, S and Milne, S and Mullikin, J C and Mungall, A and Plumb, R and Ross, M and Shownkeen, R and Sims, S and Waterston, R H and Wilson, R K and Hillier, L W and McPherson, J D and Marra, M A and Mardis, E R and Fulton, L A and Chinwalla, A T and Pepin, K H and Gish, W R and Chissoe, S L and Wendl, M C and Delehaunty, K D and Miner, T L and Delehaunty, A and Kramer, J B and Cook, L L and Fulton, R S and Johnson, D L and Minx, P J and Clifton, S W and Hawkins, T and Branscomb, E and Predki, P and Richardson, P and Wenning, S and Slezak, T and Doggett, N and Cheng, J F and Olsen, A and Lucas, S and Elkin, C and Uberbacher, E and Frazier, M and Gibbs, R A and Muzny, D M and Scherer, S E and Bouck, J B and Sodergren, E J and Worley, K C and Rives, C M and Gorrell, J H and Metzker, M L and Naylor, S L and Kucherlapati, R S and Nelson, D L and Weinstock, G M and Sakaki, Y and Fujiyama, A and Hattori, M and Yada, T and Toyoda, A and Itoh, T and Kawagoe, C and Watanabe, H and Totoki, Y and Taylor, T and Weissenbach, J and Heilig, R and Saurin, W and Artiguenave, F and Brottier, P and Bruls, T and Pelletier, E and Robert, C and Wincker, P and Smith, D R and Doucette-Stamm, L and Rubenfield, M and Weinstock, K and Lee, H M and Dubois, J and Rosenthal, A and Platzer, M and Nyakatura, G and Taudien, S and Rump, A and Yang, H and Yu, J and Wang, J and Huang, G and Gu, J and Hood, L and Rowen, L and Madan, A and Qin, S and Davis, R W and Federspiel, N A and Abola, A P and Proctor, M J and Myers, R M and Schmutz, J and Dickson, M and Grimwood, J and Cox, D R and Olson, M V and Kaul, R and Raymond, C and Shimizu, N and Kawasaki, K and Minoshima, S and Evans, G A and Athanasiou, M and Schultz, R and Roe, B A and Chen, F and Pan, H and Ramser, J and Lehrach, H and Reinhardt, R and McCombie, W R and de la Bastide, M and Dedhia, N and Bl{\"{o}}cker, H and Hornischer, K and Nordsiek, G and Agarwala, R and Aravind, L and Bailey, J A and Bateman, A and Batzoglou, S and Birney, E and Bork, P and Brown, D G and Burge, C B and Cerutti, L and Chen, H C and Church, D and Clamp, M and Copley, R R and Doerks, T and Eddy, S R and Eichler, E E and Furey, T S and Galagan, J and Gilbert, J G and Harmon, C and Hayashizaki, Y and Haussler, D and Hermjakob, H and Hokamp, K and Jang, W and Johnson, L S and Jones, T A and Kasif, S and Kaspryzk, A and Kennedy, S and Kent, W J and Kitts, P and Koonin, E V and Korf, I and Kulp, D and Lancet, D and Lowe, T M and McLysaght, A and Mikkelsen, T and Moran, J V and Mulder, N and Pollara, V J and Ponting, C P and Schuler, G and Schultz, J and Slater, G and Smit, A F and Stupka, E and Szustakowki, J and Thierry-Mieg, D and Thierry-Mieg, J and Wagner, L and Wallis, J and Wheeler, R and Williams, A and Wolf, Y I and Wolfe, K H and Yang, S P and Yeh, R F and Collins, F and Guyer, M S and Peterson, J and Felsenfeld, A and Wetterstrand, K A and Patrinos, A and Morgan, M J and de Jong, P and Catanese, J J and Osoegawa, K and Shizuya, H and Choi, S and Chen, Y J and Szustakowki, J and {International Human Genome Sequencing Consortium}},
year = {2001},
title = {Initial sequencing and analysis of the human genome.},
journal = {Nature},
volume = {409},
number = {6822},
pages = {860--921},
doi = {10.1038/35057062}
}
@article{Lander2011,
author = {Lander, Eric S},
year = {2011},
title = {Initial impact of the sequencing of the human genome.},
journal = {Nature},
volume = {470},
number = {7333},
pages = {187--97},
doi = {10.1038/nature09792}
}
@article{Landt2012,
author = {Landt, Stephen G and Marinov, Georgi K and Kundaje, Anshul and Kheradpour, Pouya and Pauli, Florencia and Batzoglou, Serafim and Bernstein, Bradley E and Bickel, Peter and Brown, James B and Cayting, Philip and Chen, Yiwen and DeSalvo, Gilberto and Epstein, Charles and Fisher-Aylor, Katherine I and Euskirchen, Ghia and Gerstein, Mark and Gertz, Jason and Hartemink, Alexander J and Hoffman, Michael M and Iyer, Vishwanath R and Jung, Youngsook L and Karmakar, Subhradip and Kellis, Manolis and Kharchenko, Peter V and Li, Qunhua and Liu, Tao and Liu, X Shirley and Ma, Lijia and Milosavljevic, Aleksandar and Myers, Richard M and Park, Peter J and Pazin, Michael J and Perry, Marc D and Raha, Debasish and Reddy, Timothy E and Rozowsky, Joel and Shoresh, Noam and Sidow, Arend and Slattery, Matthew and Stamatoyannopoulos, John A and Tolstorukov, Michael Y and White, Kevin P and Xi, Simon and Farnham, Peggy J and Lieb, Jason D and Wold, Barbara J and Snyder, Michael},
year = {2012},
title = {{ChIP}-seq guidelines and practices of the {ENCODE} and mod{ENCODE} consortia.},
journal = {Genome research},
volume = {22},
number = {9},
pages = {1813--31},
doi = {10.1101/gr.136184.111}
}
@article{LangoAllen2010,
author = {{Lango Allen}, Hana and Estrada, Karol and Lettre, Guillaume and Berndt, Sonja I and Weedon, Michael N and Rivadeneira, Fernando and Willer, Cristen J and Jackson, Anne U and Vedantam, Sailaja and Raychaudhuri, Soumya and Ferreira, Teresa and Wood, Andrew R and Weyant, Robert J and Segr{\`{e}}, Ayellet V and Speliotes, Elizabeth K and Wheeler, Eleanor and Soranzo, Nicole and Park, Ju-Hyun and Yang, Jian and Gudbjartsson, Daniel and Heard-Costa, Nancy L and Randall, Joshua C and Qi, Lu and {Vernon Smith}, Albert and M{\"{a}}gi, Reedik and Pastinen, Tomi and Liang, Liming and Heid, Iris M and Luan, Jian'an and Thorleifsson, Gudmar and Winkler, Thomas W and Goddard, Michael E and {Sin Lo}, Ken and Palmer, Cameron and Workalemahu, Tsegaselassie and Aulchenko, Yurii S and Johansson, Asa and Zillikens, M Carola and Feitosa, Mary F and Esko, T{\~{o}}nu and Johnson, Toby and Ketkar, Shamika and Kraft, Peter and Mangino, Massimo and Prokopenko, Inga and Absher, Devin and Albrecht, Eva and Ernst, Florian and Glazer, Nicole L and Hayward, Caroline and Hottenga, Jouke-Jan and Jacobs, Kevin B and Knowles, Joshua W and Kutalik, Zolt{\'{a}}n and Monda, Keri L and Polasek, Ozren and Preuss, Michael and Rayner, Nigel W and Robertson, Neil R and Steinthorsdottir, Valgerdur and Tyrer, Jonathan P and Voight, Benjamin F and Wiklund, Fredrik and Xu, Jianfeng and Zhao, Jing Hua and Nyholt, Dale R and Pellikka, Niina and Perola, Markus and Perry, John R B and Surakka, Ida and Tammesoo, Mari-Liis and Altmaier, Elizabeth L and Amin, Najaf and Aspelund, Thor and Bhangale, Tushar and Boucher, Gabrielle and Chasman, Daniel I and Chen, Constance and Coin, Lachlan and Cooper, Matthew N and Dixon, Anna L and Gibson, Quince and Grundberg, Elin and Hao, Ke and {Juhani Junttila}, M and Kaplan, Lee M and Kettunen, Johannes and K{\"{o}}nig, Inke R and Kwan, Tony and Lawrence, Robert W and Levinson, Douglas F and Lorentzon, Mattias and McKnight, Barbara and Morris, Andrew P and M{\"{u}}ller, Martina and {Suh Ngwa}, Julius and Purcell, Shaun and Rafelt, Suzanne and Salem, Rany M and Salvi, Erika and Sanna, Serena and Shi, Jianxin and Sovio, Ulla and Thompson, John R and Turchin, Michael C and Vandenput, Liesbeth and Verlaan, Dominique J and Vitart, Veronique and White, Charles C and Ziegler, Andreas and Almgren, Peter and Balmforth, Anthony J and Campbell, Harry and Citterio, Lorena and {De Grandi}, Alessandro and Dominiczak, Anna and Duan, Jubao and Elliott, Paul and Elosua, Roberto and Eriksson, Johan G and Freimer, Nelson B and Geus, Eco J C and Glorioso, Nicola and Haiqing, Shen and Hartikainen, Anna-Liisa and Havulinna, Aki S and Hicks, Andrew a and Hui, Jennie and Igl, Wilmar and Illig, Thomas and Jula, Antti and Kajantie, Eero and Kilpel{\"{a}}inen, Tuomas O and Koiranen, Markku and Kolcic, Ivana and Koskinen, Seppo and Kovacs, Peter and Laitinen, Jaana and Liu, Jianjun and Lokki, Marja-Liisa and Marusic, Ana and Maschio, Andrea and Meitinger, Thomas and Mulas, Antonella and Par{\'{e}}, Guillaume and Parker, Alex N and Peden, John F and Petersmann, Astrid and Pichler, Irene and Pietil{\"{a}}inen, Kirsi H and Pouta, Anneli and Ridderstr{\aa}le, Martin and Rotter, Jerome I and Sambrook, Jennifer G and Sanders, Alan R and Schmidt, Carsten Oliver and Sinisalo, Juha and Smit, Jan H and Stringham, Heather M and {Bragi Walters}, G and Widen, Elisabeth and Wild, Sarah H and Willemsen, Gonneke and Zagato, Laura and Zgaga, Lina and Zitting, Paavo and Alavere, Helene and Farrall, Martin and McArdle, Wendy L and Nelis, Mari and Peters, Marjolein J and Ripatti, Samuli and van Meurs, Joyce B J and Aben, Katja K and Ardlie, Kristin G and Beckmann, Jacques S and Beilby, John P and Bergman, Richard N and Bergmann, Sven and Collins, Francis S and Cusi, Daniele and den Heijer, Martin and Eiriksdottir, Gudny and Gejman, Pablo V and Hall, Alistair S and Hamsten, Anders and Huikuri, Heikki V and Iribarren, Carlos and K{\"{a}}h{\"{o}}nen, Mika and Kaprio, Jaakko and Kathiresan, Sekar and Kiemeney, Lambertus and Kocher, Thomas and Launer, Lenore J and Lehtim{\"{a}}ki, Terho and Melander, Olle and Mosley, Tom H and Musk, Arthur W and Nieminen, Markku S and O'Donnell, Christopher J and Ohlsson, Claes and Oostra, Ben and Palmer, Lyle J and Raitakari, Olli and Ridker, Paul M and Rioux, John D and Rissanen, Aila and Rivolta, Carlo and Schunkert, Heribert and Shuldiner, Alan R and Siscovick, David S and Stumvoll, Michael and T{\"{o}}njes, Anke and Tuomilehto, Jaakko and van Ommen, Gert-Jan and Viikari, Jorma and Heath, Andrew C and Martin, Nicholas G and Montgomery, Grant W and Province, Michael a and Kayser, Manfred and Arnold, Alice M and Atwood, Larry D and Boerwinkle, Eric and Chanock, Stephen J and Deloukas, Panos and Gieger, Christian and Gr{\"{o}}nberg, Henrik and Hall, Per and Hattersley, Andrew T and Hengstenberg, Christian and Hoffman, Wolfgang and Lathrop, G Mark and Salomaa, Veikko and Schreiber, Stefan and Uda, Manuela and Waterworth, Dawn and Wright, Alan F and Assimes, Themistocles L and Barroso, In{\^{e}}s and Hofman, Albert and Mohlke, Karen L and Boomsma, Dorret I and Caulfield, Mark J and Cupples, L Adrienne and Erdmann, Jeanette and Fox, Caroline S and Gudnason, Vilmundur and Gyllensten, Ulf and Harris, Tamara B and Hayes, Richard B and Jarvelin, Marjo-Riitta and Mooser, Vincent and Munroe, Patricia B and Ouwehand, Willem H and Penninx, Brenda W and Pramstaller, Peter P and Quertermous, Thomas and Rudan, Igor and Samani, Nilesh J and Spector, Timothy D and V{\"{o}}lzke, Henry and Watkins, Hugh and Wilson, James F and Groop, Leif C and Haritunians, Talin and Hu, Frank B and Kaplan, Robert C and Metspalu, Andres and North, Kari E and Schlessinger, David and Wareham, Nicholas J and Hunter, David J and O'Connell, Jeffrey R and Strachan, David P and Wichmann, H-Erich and Borecki, Ingrid B and van Duijn, Cornelia M and Schadt, Eric E and Thorsteinsdottir, Unnur and Peltonen, Leena and Uitterlinden, Andr{\'{e}} G and Visscher, Peter M and Chatterjee, Nilanjan and Loos, Ruth J F and Boehnke, Michael and McCarthy, Mark I and Ingelsson, Erik and Lindgren, Cecilia M and Abecasis, Gon{\c{c}}alo R and Stefansson, Kari and Frayling, Timothy M and Hirschhorn, Joel N},
year = {2010},
title = {Hundreds of variants clustered in genomic loci and biological pathways affect human height.},
journal = {Nature},
volume = {467},
number = {7317},
pages = {832--8},
doi = {10.1038/nature09410}
}
@article{Lappalainen2010,
author = {Lappalainen, Tuuli and Dermitzakis, Emmanouil T},
year = {2010},
title = {Evolutionary history of regulatory variation in human populations.},
journal = {Human molecular genetics},
volume = {19},
number = {R2},
pages = {R197--203},
doi = {10.1093/hmg/ddq406}
}
@article{Lappalainen2011,
author = {Lappalainen, Tuuli and Montgomery, Stephen B and Nica, Alexandra C and Dermitzakis, Emmanouil T},
year = {2011},
title = {Epistatic selection between coding and regulatory variation in human evolution and disease.},
journal = {American journal of human genetics},
volume = {89},
number = {3},
pages = {459--63},
doi = {10.1016/j.ajhg.2011.08.004}
}
@article{Lappalainen2015,
author = {Lappalainen, Tuuli},
year = {2015},
title = {Functional genomics bridges the gap between quantitative genetics and molecular biology.},
journal = {Genome research},
volume = {25},
number = {10},
pages = {1427--31},
doi = {10.1101/gr.190983.115}
}
@inbook{Laron2011,
author = {Laron, Zvi},
year = {2011},
title = {History of the {I}sraeli Cohort of {L}aron Syndrome Patients (1958--2009)},
journal = {},
volume = {},
number = {},
pages = {3--7},
doi = {10.1007/978-3-642-11183-9_1}
}
@article{Law2014,
author = {Law, Charity W and Chen, Yunshun and Shi, Wei and Smyth, Gordon K},
year = {2014},
title = {voom: Precision weights unlock linear model analysis tools for {RNA}-seq read counts.},
journal = {Genome biology},
volume = {15},
number = {2},
pages = {R29},
doi = {10.1186/gb-2014-15-2-r29}
}
@article{Lawrence2013,
author = {Lawrence, Michael and Huber, Wolfgang and Pag{\`{e}}s, Herv{\'{e}} and Aboyoun, Patrick and Carlson, Marc and Gentleman, Robert and Morgan, Martin T. and Carey, Vincent J.},
year = {2013},
title = {Software for computing and annotating genomic ranges.},
journal = {PLoS computational biology},
volume = {9},
number = {8},
pages = {e1003118},
doi = {10.1371/journal.pcbi.1003118}
}
@article{Lee2011,
author = {Lee, Sang Hong and Wray, Naomi R. and Goddard, Michael E. and Visscher, Peter M.},
year = {2011},
title = {Estimating missing heritability for disease from genome-wide association studies.},
journal = {American journal of human genetics},
volume = {88},
number = {3},
pages = {294--305},
doi = {10.1016/j.ajhg.2011.02.002}
}
@article{Leek2010,
author = {Leek, Jeffrey T and Scharpf, Robert B and Bravo, H{\'{e}}ctor Corrada and Simcha, David and Langmead, Benjamin and Johnson, W Evan and Geman, Donald and Baggerly, Keith and Irizarry, Rafael a},
year = {2010},
title = {Tackling the widespread and critical impact of batch effects in high-throughput data.},
journal = {Nature reviews. Genetics},
volume = {11},
number = {10},
pages = {733--9},
doi = {10.1038/nrg2825}
}
@article{Leng2015,
author = {Leng, Ning and Chu, Li-Fang and Barry, Chris and Li, Yuan and Choi, Jeea and Li, Xiaomao and Jiang, Peng and Stewart, Ron M and Thomson, James a and Kendziorski, Christina},
year = {2015},
title = {Oscope identifies oscillatory genes in unsynchronized single-cell {RNA}-seq experiments},
journal = {Nature Methods},
volume = {12},
number = {10},
pages = {947--950},
doi = {10.1038/nmeth.3549}
}
@article{Lestas2010,
author = {Lestas, I. and Vinnicombe, G. and Paulsson, J.},
year = {2010},
title = {Fundamental limits on the suppression of molecular fluctuations},
journal = {Nature},
volume = {467},
number = {7312},
pages = {174-8},
doi = {10.1038/nature09333}
}
@article{Lettre2011,
author = {Lettre, Guillaume},
year = {2011},
title = {Recent progress in the study of the genetics of height.},
journal = {Human genetics},
volume = {129},
number = {5},
pages = {465--72},
doi = {10.1007/s00439-011-0969-x}
}
@article{Li2002,
author = {Li, Qing and Whalen, Christopher C and Albert, Jeffrey M and Larkin, Rhonda and Zukowski, Lynn and Cave, M Donald and Silver, Richard F},
year = {2002},
title = {Differences in rate and variability of intracellular growth of a panel of {M}ycobacterium tuberculosis clinical isolates within a human monocyte model.},
journal = {Infection and immunity},
volume = {70},
number = {11},
pages = {6489--93},
doi = {10.1128/IAI.70.11.6489}
}
@article{Li2009,
author = {Li, Heng and Handsaker, Bob and Wysoker, Alec and Fennell, Tim and Ruan, Jue and Homer, Nils and Marth, Gabor and Abecasis, Goncalo and Durbin, Richard and {1000 Genome Project Data Processing Subgroup}},
year = {2009},
title = {The Sequence Alignment/Map format and SAMtools.},
journal = {Bioinformatics (Oxford, England)},
volume = {25},
number = {16},
pages = {2078--9},
doi = {10.1093/bioinformatics/btp352}
}
@article{Liang2014,
author = {Liang, Jialong and Cai, Wanshi and Sun, Zhongsheng},
year = {2014},
title = {Single-cell sequencing technologies: current and future.},
journal = {Journal of genetics and genomics = Yi chuan xue bao},
volume = {41},
number = {10},
pages = {513--28},
doi = {10.1016/j.jgg.2014.09.005}
}
@article{Liao2013,
author = {Liao, Yang and Smyth, Gordon K and Shi, Wei},
year = {2013},
title = {The {Subread} aligner: fast, accurate and scalable read mapping by seed-and-vote.},
journal = {Nucleic acids research},
volume = {41},
number = {10},
pages = {e108},
doi = {10.1093/nar/gkt214}
}
@article{Liao2014,
author = {Liao, Yang and Smyth, Gordon K and Shi, Wei},
year = {2014},
title = {{featureCounts}: an efficient general purpose program for assigning sequence reads to genomic features.},
journal = {Bioinformatics (Oxford, England)},
volume = {30},
number = {7},
pages = {923--30},
doi = {10.1093/bioinformatics/btt656}
}
@article{Liaw2002,
author = {Liaw, Andy and Wiener, Matthew},
year = {2002},
title = {Classification and Regression by random{F}orest},
journal = {R News},
volume = {2},
number = {3},
pages = {18-22},
doi = {}
}
@article{LindestamArlehamn2014,
author = {{Lindestam Arlehamn}, Cecilia S and Lewinsohn, David and Sette, Alessandro and Lewinsohn, Deborah},
year = {2014},
title = {Antigens for {CD4} and {CD8} {T} cells in tuberculosis.},
journal = {Cold Spring Harbor perspectives in medicine},
volume = {4},
number = {7},
pages = {89--103},
doi = {10.1101/cshperspect.a018465}
}
@article{Liu2006,
author = {Liu, Philip T and Stenger, Steffen and Li, Huiying and Wenzel, Linda and Tan, Belinda H and Krutzik, Stephan R and Ochoa, Maria Teresa and Schauber, J{\"{u}}rgen and Wu, Kent and Meinken, Christoph and Kamen, Diane L and Wagner, Manfred and Bals, Robert and Steinmeyer, Andreas and Z{\"{u}}gel, Ulrich and Gallo, Richard L and Eisenberg, David and Hewison, Martin and Hollis, Bruce W and Adams, John S and Bloom, Barry R and Modlin, Robert L},
year = {2006},
title = {Toll-like receptor triggering of a vitamin {D}-mediated human antimicrobial response.},
journal = {Science (New York, N.Y.)},
volume = {311},
number = {5768},
pages = {1770--3},
doi = {10.1126/science.1123933}
}
@article{Liu2015,
author = {Liu, Ruijie and Holik, Aliaksei Z. and Su, Shian and Jansz, Natasha and Chen, Kelan and Leong, Huei San and Blewitt, Marnie E. and Asselin-Labat, Marie-Liesse and Smyth, Gordon K. and Ritchie, Matthew E.},
year = {2015},
title = {Why weight? Modelling sample and observational level variability improves power in {RNA}-seq analyses.},
journal = {Nucleic acids research},
volume = {43},
number = {15},
pages = {e97},
doi = {10.1093/nar/gkv412}
}
@article{Loddenkemper2016,
author = {Loddenkemper, Robert and Lipman, Marc and Zumla, Alimuddin},
year = {2016},
title = {Clinical Aspects of Adult Tuberculosis.},
journal = {Cold Spring Harbor perspectives in medicine},
volume = {6},
number = {1},
pages = {a017848},
doi = {10.1101/cshperspect.a017848}
}
@article{Lucas2014,
author = {Lucas, Robyn M and Gorman, Shelley and Geldenhuys, Sian and Hart, Prue H},
year = {2014},
title = {Vitamin {D} and immunity.},
journal = {F1000prime reports},
volume = {6},
number = {3},
pages = {118},
doi = {10.12703/P6-118}
}
@article{Macaulay2014,
author = {Macaulay, I. C. and Voet, T.},
year = {2014},
title = {Single cell genomics: advances and future perspectives},
journal = {PLoS Genet},
volume = {10},
number = {1},
pages = {e1004126},
doi = {10.1371/journal.pgen.1004126}
}
@article{Macosko2015,
author = {Macosko, E. Z. and Basu, A. and Satija, R. and Nemesh, J. and Shekhar, K. and Goldman, M. and Tirosh, I. and Bialas, A. R. and Kamitaki, N. and Martersteck, E. M. and Trombetta, J. J. and Weitz, D. A. and Sanes, J. R. and Shalek, A. K. and Regev, A. and McCarroll, S. A.},
year = {2015},
title = {Highly Parallel Genome-wide Expression Profiling of Individual Cells Using Nanoliter Droplets},
journal = {Cell},
volume = {161},
number = {5},
pages = {1202-14},
doi = {10.1016/j.cell.2015.05.002}
}
@article{Maertzdorf2015,
author = {Maertzdorf, Jeroen and Kaufmann, Stefan H.E. and Weiner, January},
year = {2015},
title = {Toward a Unified Biosignature for Tuberculosis},
journal = {Cold Spring Harbor Perspectives in Medicine},
volume = {5},
number = {1},
pages = {183--95},
doi = {10.1101/cshperspect.a018531}
}
@article{Mahasirimongkol2012,
author = {Mahasirimongkol, Surakameth and Yanai, Hideki and Mushiroda, Taisei and Promphittayarat, Watoo and Wattanapokayakit, Sukanya and Phromjai, Jurairat and Yuliwulandari, Rika and Wichukchinda, Nuanjun and Yowang, Amara and Yamada, Norio and Kantipong, Patcharee and Takahashi, Atsushi and Kubo, Michiaki and Sawanpanyalert, Pathom and Kamatani, Naoyuki and Nakamura, Yusuke and Tokunaga, Katsushi},
year = {2012},
title = {Genome-wide association studies of tuberculosis in {Asians} identify distinct at-risk locus for young tuberculosis.},
journal = {Journal of human genetics},
volume = {57},
number = {6},
pages = {363--7},
doi = {10.1038/jhg.2012.35}
}
@article{Maier2012,
author = {Maier, Christina J and Maier, Richard H and Rid, Raphaela and Trost, Andrea and Hundsberger, Harald and Eger, Andreas and Hintner, Helmut and Bauer, Johann W and Onder, Kamil},
year = {2012},
title = {{PIM-1} kinase interacts with the {DNA} binding domain of the vitamin {D} receptor: a further kinase implicated in {1,25-(OH)2D3} signaling.},
journal = {BMC molecular biology},
volume = {13},
number = {1},
pages = {18},
doi = {10.1186/1471-2199-13-18}
}
@article{Manca2001,
author = {Manca, C and Tsenova, L and Bergtold, A and Freeman, S and Tovey, M and Musser, J M and Barry, C E and Freedman, V H and Kaplan, G},
year = {2001},
title = {Virulence of a {M}ycobacterium tuberculosis clinical isolate in mice is determined by failure to induce {Th1} type immunity and is associated with induction of {IFN}-alpha /beta.},
journal = {Proceedings of the National Academy of Sciences of the United States of America},
volume = {98},
number = {10},
pages = {5752--7},
doi = {10.1073/pnas.091096998}
}
@article{Manca2004,
author = {Manca, Claudia and Reed, Michael B and Freeman, Sherry and Mathema, Barun and Kreiswirth, Barry and Barry, Clifton E and Kaplan, Gilla},
year = {2004},
title = {Differential monocyte activation underlies strain-specific {M}ycobacterium tuberculosis pathogenesis.},
journal = {Infection and immunity},
volume = {72},
number = {9},
pages = {5511--4},
doi = {10.1128/IAI.72.9.5511-5514.2004}
}
@article{Mangano2014,
author = {Mangano, Valentina D and Modiano, David},
year = {2014},
title = {An evolutionary perspective of how infection drives human genome diversity: the case of malaria.},
journal = {Current opinion in immunology},
volume = {30},
number = {Box 1},
pages = {39--47},
doi = {10.1016/j.coi.2014.06.004}
}
@article{Manolio2009,
author = {Manolio, Teri a and Collins, Francis S and Cox, Nancy J and Goldstein, David B and Hindorff, Lucia a and Hunter, David J and McCarthy, Mark I and Ramos, Erin M and Cardon, Lon R and Chakravarti, Aravinda and Cho, Judy H and Guttmacher, Alan E and Kong, Augustine and Kruglyak, Leonid and Mardis, Elaine and Rotimi, Charles N and Slatkin, Montgomery and Valle, David and Whittemore, Alice S and Boehnke, Michael and Clark, Andrew G and Eichler, Evan E and Gibson, Greg and Haines, Jonathan L and Mackay, Trudy F C and McCarroll, Steven a and Visscher, Peter M},
year = {2009},
title = {Finding the missing heritability of complex diseases.},
journal = {Nature},
volume = {461},
number = {7265},
pages = {747--53},
doi = {10.1038/nature08494}
}
@article{Manry2013,
author = {Manry, J{\'{e}}r{\'{e}}my and Quintana-Murci, Lluis},
year = {2013},
title = {A genome-wide perspective of human diversity and its implications in infectious disease.},
journal = {Cold Spring Harbor perspectives in medicine},
volume = {3},
number = {1},
pages = {a012450},
doi = {10.1101/cshperspect.a012450}
}
@article{Marioni2008,
author = {Marioni, John C and Mason, Christopher E and Mane, Shrikant M and Stephens, Matthew and Gilad, Yoav},
year = {2008},
title = {{RNA}-seq: an assessment of technical reproducibility and comparison with gene expression arrays.},
journal = {Genome research},
volume = {18},
number = {9},
pages = {1509--17},
doi = {10.1101/gr.079558.108}
}
@article{Martineau2007,
author = {Martineau, Adrian R. and Wilkinson, Robert J and Wilkinson, Katalin a. and Newton, Sandra M. and Kampmann, Beate and Hall, Bridget M. and Packe, Geoffrey E. and Davidson, Robert N. and Eldridge, Sandra M. and Maunsell, Zo{\"{e}} J. and Rainbow, Sandra J. and Berry, Jacqueline L. and Griffiths, Christopher J.},
year = {2007},
title = {A single dose of vitamin {D} enhances immunity to mycobacteria.},
journal = {American journal of respiratory and critical care medicine},
volume = {176},
number = {2},
pages = {208--13},
doi = {10.1164/rccm.200701-007OC}
}
@article{McVicker2013,
author = {McVicker, Graham and van de Geijn, Bryce and Degner, Jacob F and Cain, Carolyn E and Banovich, Nicholas E and Raj, Anil and Lewellen, Noah and Myrthil, Marsha and Gilad, Yoav and Pritchard, Jonathan K},
year = {2013},
title = {Identification of genetic variants that affect histone modifications in human cells.},
journal = {Science (New York, N.Y.)},
volume = {342},
number = {6159},
pages = {747--9},
doi = {10.1126/science.1242429}
}
@article{Mechanic2012,
author = {Mechanic, Leah E. and Chen, Huann-Sheng and Amos, Christopher I. and Chatterjee, Nilanjan and Cox, Nancy J. and Divi, Rao L. and Fan, Ruzong and Harris, Emily L. and Jacobs, Kevin and Kraft, Peter and Leal, Suzanne M. and McAllister, Kimberly and Moore, Jason H. and Paltoo, Dina N. and Province, Michael A. and Ramos, Erin M. and Ritchie, Marylyn D. and Roeder, Kathryn and Schaid, Daniel J. and Stephens, Matthew and Thomas, Duncan C. and Weinberg, Clarice R. and Witte, John S. and Zhang, Shunpu and Z{\"{o}}llner, Sebastian and Feuer, Eric J. and Gillanders, Elizabeth M.},
year = {2012},
title = {Next generation analytic tools for large scale genetic epidemiology studies of complex diseases.},
journal = {Genetic epidemiology},
volume = {36},
number = {1},
pages = {22--35},
doi = {10.1002/gepi.20652}
}
@article{Mi2013,
author = {Mi, H., Muruganujam, A., Casagrande, J. T., and Thomas, P. D.},
year = {2013},
title = {Large-scale gene function analysis with the PANTHER classification system.},
journal = {Nature Protoc.},
volume = {8},
number = {8},
pages = {1551-66},
doi = {10.1038/nprot.2013.092}
}
@article{Michaels1998,
author = {Michaels, George S and Carr, Daniel B and Askenazi, M and Fuhrman, Stefanie and Wen, Xiling and Somogyi, Roland},
year = {1998},
title = {Cluster analysis and data visualization of large-scale gene expression data.},
journal = {Pacific Symposium on Biocomputing. Pacific Symposium on Biocomputing},
volume = {3},
number = {},
pages = {42--53},
doi = {}
}
@article{Mikkelsen2007,
author = {Mikkelsen, Tarjei S and Ku, Manching and Jaffe, David B and Issac, Biju and Lieberman, Erez and Giannoukos, Georgia and Alvarez, Pablo and Brockman, William and Kim, Tae-kyung and Koche, Richard P and Lee, William and Mendenhall, Eric and O'Donovan, Aisling and Presser, Aviva and Russ, Carsten and Xie, Xiaohui and Meissner, Alexander and Wernig, Marius and Jaenisch, Rudolf and Nusbaum, Chad and Lander, Eric S and Bernstein, Bradley E},
year = {2007},
title = {Genome-wide maps of chromatin state in pluripotent and lineage-committed cells.},
journal = {Nature},
volume = {448},
number = {7153},
pages = {553--60},
doi = {10.1038/nature06008}
}
@article{Miller1992,
author = {Miller, M D and Krangel, M S},
year = {1992},
title = {The human cytokine {I-309} is a monocyte chemoattractant.},
journal = {Proceedings of the National Academy of Sciences of the United States of America},
volume = {89},
number = {7},
pages = {2950--4},
doi = {10.1073/pnas.89.7.2950}
}
@article{Miyamoto2015,
author = {Miyamoto, D. T. and Zheng, Y. and Wittner, B. S. and Lee, R. J. and Zhu, H. and Broderick, K. T. and Desai, R. and Fox, D. B. and Brannigan, B. W. and Trautwein, J. and Arora, K. S. and Desai, N. and Dahl, D. M. and Sequist, L. V. and Smith, M. R. and Kapur, R. and Wu, C. L. and Shioda, T. and Ramaswamy, S. and Ting, D. T. and Toner, M. and Maheswaran, S. and Haber, D. A.},
year = {2015},
title = {{RNA}-Seq of single prostate {CTCs} implicates noncanonical {Wnt} signaling in antiandrogen resistance},
journal = {Science},
volume = {349},
number = {6254},
pages = {1351-6},
doi = {10.1126/science.aab0917}
}
@article{Mogensen2009,
author = {Mogensen, Trine H},
year = {2009},
title = {Pathogen recognition and inflammatory signaling in innate immune defenses.},
journal = {Clinical microbiology reviews},
volume = {22},
number = {2},
pages = {240--73, Table of Contents},
doi = {10.1128/CMR.00046-08}
}
@article{Moller2010,
author = {M{\"{o}}ller, Marlo and Hoal, Eileen G.},
year = {2010},
title = {Current findings, challenges and novel approaches in human genetic susceptibility to tuberculosis.},
journal = {Tuberculosis (Edinburgh, Scotland)},
volume = {90},
number = {2},
pages = {71--83},
doi = {10.1016/j.tube.2010.02.002}
}
@article{Monks2004,
author = {Monks, S A and Leonardson, A and Zhu, H and Cundiff, P and Pietrusiak, P and Edwards, S and Phillips, J W and Sachs, A and Schadt, E E},
year = {2004},
title = {Genetic inheritance of gene expression in human cell lines.},
journal = {American journal of human genetics},
volume = {75},
number = {6},
pages = {1094--105},
doi = {10.1086/426461}
}
@article{Mortazavi2008,
author = {Mortazavi, A. and Williams, B. A. and McCue, K. and Schaeffer, L. and Wold, B.},
year = {2008},
title = {Mapping and quantifying mammalian transcriptomes by {RNA}-Seq},
journal = {Nat Methods},
volume = {5},
number = {7},
pages = {621-8},
doi = {10.1038/nmeth.1226}
}
@article{Mortellaro2009,
author = {Mortellaro, Alessandra and Robinson, Lucy and Ricciardi-Castagnoli, Paola},
year = {2009},
title = {Spotlight on Mycobacteria and dendritic cells: will novel targets to fight tuberculosis emerge?},
journal = {EMBO molecular medicine},
volume = {1},
number = {1},
pages = {19--29},
doi = {10.1002/emmm.200900008}
}
@article{Munoz2015,
author = {Mu{\~{n}}oz, Laura and Stagg, Helen R and Abubakar, Ibrahim},
year = {2015},
title = {Diagnosis and Management of Latent Tuberculosis Infection.},
journal = {Cold Spring Harbor perspectives in medicine},
volume = {5},
number = {11},
pages = {517--529},
doi = {10.1101/cshperspect.a017830}
}
@article{Myers2003,
author = {Myers, Jesse T and Tsang, Albert W and Swanson, Joel a},
year = {2003},
title = {Localized reactive oxygen and nitrogen intermediates inhibit escape of Listeria monocytogenes from vacuoles in activated macrophages.},
journal = {Journal of immunology (Baltimore, Md. : 1950)},
volume = {171},
number = {10},
pages = {5447--53},
doi = {10.4049/jimmunol.171.10.5447}
}
@article{Nagano2013,
author = {Nagano, Takashi and Lubling, Yaniv and Stevens, Tim J. and Schoenfelder, Stefan and Yaffe, Eitan and Dean, Wendy and Laue, Ernest D. and Tanay, Amos and Fraser, Peter},
year = {2013},
title = {Single-cell {Hi-C} reveals cell-to-cell variability in chromosome structure.},
journal = {Nature},
volume = {502},
number = {7469},
pages = {59--64},
doi = {10.1038/nature12593}
}
@article{Nardell2016,
author = {Nardell, Edward A},
year = {2016},
title = {Transmission and Institutional Infection Control of Tuberculosis.},
journal = {Cold Spring Harbor perspectives in medicine},
volume = {6},
number = {2},
pages = {a018192},
doi = {10.1101/cshperspect.a018192}
}
@article{Narsinh2011,
author = {Narsinh, K. H. and Sun, N. and Sanchez-Freire, V. and Lee, A. S. and Almeida, P. and Hu, S. and Jan, T. and Wilson, K. D. and Leong, D. and Rosenberg, J. and Yao, M. and Robbins, R. C. and Wu, J. C.},
year = {2011},
title = {Single cell transcriptional profiling reveals heterogeneity of human induced pluripotent stem cells},
journal = {J Clin Invest},
volume = {121},
number = {3},
pages = {1217-21},
doi = {10.1172/JCI44635}
}
@article{Natoli2010,
author = {Natoli, Gioacchino},
year = {2010},
title = {Maintaining cell identity through global control of genomic organization.},
journal = {Immunity},
volume = {33},
number = {1},
pages = {12--24},
doi = {10.1016/j.immuni.2010.07.006}
}
@article{Nau2002,
author = {Nau, Gerard J and Richmond, Joan F L and Schlesinger, Ann and Jennings, Ezra G and Lander, Eric S and Young, Richard a},
year = {2002},
title = {Human macrophage activation programs induced by bacterial pathogens.},
journal = {Proceedings of the National Academy of Sciences of the United States of America},
volume = {99},
number = {3},
pages = {1503--8},
doi = {10.1073/pnas.022649799}
}
@article{Newman2006,
author = {Newman, J. R. S. and Ghaemmaghami, S. and Ihmels, J. and Breslow, D. K. and Nobel, M. and DeRisi, J. L. and and Weissman, J. S.},
year = {2006},
title = {Single-cell proteomic analysis of {S.} cerevisiae reveals the architecture of biological noise.},
journal = {Nature},
volume = {441},
number = {7095},
pages = {840-846},
doi = {10.1038/nature04785}
}
@article{Nica2010,
author = {Nica, Alexandra C and Montgomery, Stephen B and Dimas, Antigone S and Stranger, Barbara E and Beazley, Claude and Barroso, In{\^{e}}s and Dermitzakis, Emmanouil T},
year = {2010},
title = {Candidate causal regulatory effects by integration of expression {QTL}s with complex trait genetic associations.},
journal = {PLoS genetics},
volume = {6},
number = {4},
pages = {e1000895},
doi = {10.1371/journal.pgen.1000895}
}
@article{Nica2011,
author = {Nica, Alexandra C and Parts, Leopold and Glass, Daniel and Nisbet, James and Barrett, Amy and Sekowska, Magdalena and Travers, Mary and Potter, Simon and Grundberg, Elin and Small, Kerrin and Hedman, Asa K and Bataille, Veronique and {Tzenova Bell}, Jordana and Surdulescu, Gabriela and Dimas, Antigone S and Ingle, Catherine and Nestle, Frank O and di Meglio, Paola and Min, Josine L and Wilk, Alicja and Hammond, Christopher J and Hassanali, Neelam and Yang, Tsun-Po and Montgomery, Stephen B and O'Rahilly, Steve and Lindgren, Cecilia M and Zondervan, Krina T and Soranzo, Nicole and Barroso, In{\^{e}}s and Durbin, Richard and Ahmadi, Kourosh and Deloukas, Panos and McCarthy, Mark I and Dermitzakis, Emmanouil T and Spector, Timothy D and {MuTHER Consortium}},
year = {2011},
title = {The architecture of gene regulatory variation across multiple human tissues: the {MuTHER} study.},
journal = {PLoS genetics},
volume = {7},
number = {2},
pages = {e1002003},
doi = {10.1371/journal.pgen.1002003}
}
@article{Nicolae2010,
author = {Nicolae, Dan L and Gamazon, Eric and Zhang, Wei and Duan, Shiwei and Dolan, M Eileen and Cox, Nancy J},
year = {2010},
title = {Trait-associated {SNPs} are more likely to be {eQTLs}: annotation to enhance discovery from {GWAS}.},
journal = {PLoS genetics},
volume = {6},
number = {4},
pages = {e1000888},
doi = {10.1371/journal.pgen.1000888}
}
@article{Nnoaham2008,
author = {Nnoaham, Kelechi E. and Clarke, Aileen},
year = {2008},
title = {Low serum vitamin {D} levels and tuberculosis: a systematic review and meta-analysis.},
journal = {International journal of epidemiology},
volume = {37},
number = {1},
pages = {113--9},
doi = {10.1093/ije/dym247}
}
@article{North2004,
author = {North, Robert J and Jung, Yu-Jin},
year = {2004},
title = {Immunity to tuberculosis.},
journal = {Annual review of immunology},
volume = {22},
number = {},
pages = {599--623},
doi = {10.1146/annurev.immunol.22.012703.104635}
}
@article{Novembre2012,
author = {Novembre, John and Han, Eunjung},
year = {2012},
title = {Human population structure and the adaptive response to pathogen-induced selection pressures.},
journal = {Philosophical transactions of the Royal Society of London. Series B, Biological sciences},
volume = {367},
number = {1590},
pages = {878--86},
doi = {10.1098/rstb.2011.0305}
}
@article{OGarra2013,
author = {O'Garra, Anne and Redford, Paul S. and McNab, Finlay W. and Bloom, Chloe I. and Wilkinson, Robert J. and Berry, Matthew P R},
year = {2013},
title = {The immune response in tuberculosis.},
journal = {Annual review of immunology},
volume = {31},
number = {1},
pages = {475--527},
doi = {10.1146/annurev-immunol-032712-095939}
}
@article{Ober2011,
author = {Ober, Carole and Vercelli, Donata},
year = {2011},
title = {Gene-environment interactions in human disease: nuisance or opportunity?},
journal = {Trends in genetics : TIG},
volume = {27},
number = {3},
pages = {107--15},
doi = {10.1016/j.tig.2010.12.004}
}
@article{OneKGConsortium2012,
author = {{The 1000 Genomes Project Consortium}},
year = {2012},
title = {An integrated map of genetic variation from 1,092 human genomes.},
journal = {Nature},
volume = {491},
number = {7422},
pages = {56--65},
doi = {10.1038/nature11632}
}
@article{Ongen2016,
author = {Ongen, Halit and Brown, Andrew A and Delaneau, Olivier and Panousis, Nikolaos and Nica, Alexandra C},
year = {2016},
title = {Estimating the causal tissues for complex traits and diseases},
journal = {bioRxiv},
volume = {},
number = {},
pages = {},
doi = {10.1101/074682}
}
@article{Oshlack2010,
author = {Oshlack, Alicia and Robinson, Mark D and Young, Matthew D},
year = {2010},
title = {From {RNA}-seq reads to differential expression results.},
journal = {Genome biology},
volume = {11},
number = {12},
pages = {220},
doi = {10.1186/gb-2010-11-12-220}
}
@article{Ostuni2013,
author = {Ostuni, Renato and Piccolo, Viviana and Barozzi, Iros and Polletti, Sara and Termanini, Alberto and Bonifacio, Silvia and Curina, Alessia and Prosperini, Elena and Ghisletti, Serena and Natoli, Gioacchino},
year = {2013},
title = {Latent enhancers activated by stimulation in differentiated cells.},
journal = {Cell},
volume = {152},
number = {1-2},
pages = {157--71},
doi = {10.1016/j.cell.2012.12.018}
}
@article{Ozdemir2013,
author = {{\"{O}}zdemir, Fethi Ahmet and Erol, Deniz and Y{\"{u}}ce, H{\"{u}}seyin and Konar, Vahit and {Kara Şenli}, Ebru and Bulut, Funda and Deveci, Figen},
year = {2013},
title = {[Investigation of {CCL1} rs159294 {T/A} gene polymorphism in pulmonary and extrapulmonary tuberculosis patients].},
journal = {Tüberküloz ve toraks},
volume = {61},
number = {3},
pages = {200--8},
doi = {10.5578/tt.5481}
}
@article{Pacis2015,
author = {Pacis, Alain and Tailleux, Ludovic and Morin, Alexander M and Lambourne, John and MacIsaac, Julia L and Yotova, Vania and Dumaine, Anne and Danckaert, Anne and Luca, Francesca and Grenier, Jean-christophe and Hansen, Kasper D and Gicquel, Brigitte and Yu, Miao and Pai, Athma and He, Chuan and Tung, Jenny and Pastinen, Tomi and Kobor, Michael S and Pique-Regi, Roger and Gilad, Yoav and Barreiro, Luis B},
year = {2015},
title = {Bacterial infection remodels the {DNA} methylation landscape of human dendritic cells.},
journal = {Genome research},
volume = {25},
number = {12},
pages = {1801--11},
doi = {10.1101/gr.192005.115}
}
@article{Padovan-Merhar2015,
author = {Padovan-Merhar, O. and Nair, G. P. and Biaesch, A. G. and Mayer, A. and Scarfone, S. and Foley, S. W. and Wu, A. R. and Churchman, L. S. and Singh, A. and Raj, A.},
year = {2015},
title = {Single mammalian cells compensate for differences in cellular volume and {DNA} copy number through independent global transcriptional mechanisms},
journal = {Mol Cell},
volume = {58},
number = {2},
pages = {339-52},
doi = {10.1016/j.molcel.2015.03.005}
}
@article{Pai2015,
author = {Pai, Athma A and Pritchard, Jonathan K and Gilad, Yoav},
year = {2015},
title = {The genetic and mechanistic basis for variation in gene regulation.},
journal = {PLoS genetics},
volume = {11},
number = {1},
pages = {e1004857},
doi = {10.1371/journal.pgen.1004857}
}
@article{Park2009,
author = {Park, Peter J.},
year = {2009},
title = {{ChIP}-seq: advantages and challenges of a maturing technology.},
journal = {Nature reviews. Genetics},
volume = {10},
number = {10},
pages = {669--80},
doi = {10.1038/nrg2641}
}
@article{Pavlidis2012,
author = {Pavlidis, Pavlos and Jensen, Jeffrey D. and Stephan, Wolfgang and Stamatakis, Alexandros},
year = {2012},
title = {A critical assessment of storytelling: gene ontology categories and the importance of validating genomic scans.},
journal = {Molecular biology and evolution},
volume = {29},
number = {10},
pages = {3237--48},
doi = {10.1093/molbev/mss136}
}
@article{Phipson2010,
author = {Phipson, Belinda and Smyth, Gordon K.},
year = {2010},
title = {Permutation p-values should never be zero: calculating exact p-values when permutations are randomly drawn.},
journal = {Statistical applications in genetics and molecular biology},
volume = {9},
number = {1},
pages = {Article 39},
doi = {10.2202/1544-6115.1585}
}
@article{Picelli2014,
author = {Picelli, Simone and Bj\"{o}rklund, Asa K and Reinius, Bj\"{o}rn and Sagasser, Sven and Winberg, G\"{o}sta and Sandberg, Rickard},
year = {2014},
title = {Tn5 transposase and tagmentation procedures for massively scaled sequencing projects.},
journal = {Genome research},
volume = {24},
number = {12},
pages = {2033--40},
doi = {10.1101/gr.177881.114}
}
@article{Pickrell2014,
author = {Pickrell, Joseph K},
year = {2014},
title = {Joint analysis of functional genomic data and genome-wide association studies of 18 human traits.},
journal = {American journal of human genetics},
volume = {94},
number = {4},
pages = {559--73},
doi = {10.1016/j.ajhg.2014.03.004}
}
@article{Png2012,
author = {Png, Eileen and Alisjahbana, Bachti and Sahiratmadja, Edhyana and Marzuki, Sangkot and Nelwan, Ron and Balabanova, Yanina and Nikolayevskyy, Vladyslav and Drobniewski, Francis and Nejentsev, Sergey and Adnan, Iskandar and van de Vosse, Esther and Hibberd, Martin L and van Crevel, Reinout and Ottenhoff, Tom H M and Seielstad, Mark},
year = {2012},
title = {A genome wide association study of pulmonary tuberculosis susceptibility in {Indonesians}.},
journal = {BMC medical genetics},
volume = {13},
number = {1},
pages = {1--9},
doi = {10.1186/1471-2350-13-5}
}
@article{Pollen2014,
author = {Pollen, A. A. and Nowakowski, T. J. and Shuga, J. and Wang, X. and Leyrat, A. A. and Lui, J. H. and Li, N. and Szpankowski, L. and Fowler, B. and Chen, P. and Ramalingam, N. and Sun, G. and Thu, M. and Norris, M. and Lebofsky, R. and Toppani, D. and Kemp, D. W., 2nd and Wong, M. and Clerkson, B. and Jones, B. N. and Wu, S. and Knutsson, L. and Alvarado, B. and Wang, J. and Weaver, L. S. and May, A. P. and Jones, R. C. and Unger, M. A. and Kriegstein, A. R. and West, J. A.},
year = {2014},
title = {Low-coverage single-cell m{RNA} sequencing reveals cellular heterogeneity and activated signaling pathways in developing cerebral cortex},
journal = {Nat Biotechnol},
volume = {32},
number = {10},
pages = {1053-8},
doi = {10.1038/nbt.2967}
}
@article{Pritchard2010,
author = {Pritchard, Jonathan K and {Di Rienzo}, Anna},
year = {2010},
title = {Adaptation - not by sweeps alone.},
journal = {Nature reviews. Genetics},
volume = {11},
number = {10},
pages = {665--7},
doi = {10.1038/nrg2880}
}
@article{Proserpio2016,
author = {Proserpio, Valentina and Mahata, Bidesh},
year = {2016},
title = {Single-cell technologies to study the immune system.},
journal = {Immunology},
volume = {147},
number = {2},
pages = {133--40},
doi = {10.1111/imm.12553}
}
@article{Prugnolle2005,
author = {Prugnolle, Franck and Manica, Andrea and Charpentier, Marie and Gu{\'{e}}gan, Jean Fran{\c{c}}ois and Guernier, Vanina and Balloux, Fran{\c{c}}ois},
year = {2005},
title = {Pathogen-driven selection and worldwide {HLA} class {I} diversity.},
journal = {Current biology : CB},
volume = {15},
number = {11},
pages = {1022--7},
doi = {10.1016/j.cub.2005.04.050}
}
@article{Pym2002,
author = {Pym, Alexander S. and Brodin, Priscille and Brosch, Roland and Huerre, Michel and Cole, Stewart T.},
year = {2002},
title = {Loss of {RD1} contributed to the attenuation of the live tuberculosis vaccines {M}ycobacterium bovis {BCG} and {M}ycobacterium microti.},
journal = {Molecular microbiology},
volume = {46},
number = {3},
pages = {709--17},
doi = {10.1046/j.1365-2958.2002.03237.x}
}
@manual{R2015,
author = {{R Core Team}},
year = {2015},
title = {{R}: A Language and Environment for Statistical Computing},
journal = {},
volume = {},
number = {},
pages = {},
doi = {}
}
@article{Ragno2001,
author = {Ragno, Silvia and Romano, Maria and Howell, Steven and Pappin, Darryl J.C. and Jenner, Peter J. and Colston, Michael J.},
year = {2001},
title = {Changes in gene expression in macrophages infected with {M}ycobacterium tuberculosis: a combined transcriptomic and proteomic approach.},
journal = {Immunology},
volume = {104},
number = {1},
pages = {99--108},
doi = {}
}
@article{Raj2008,
author = {Raj, A. and van Oudenaarden, A.},
year = {2008},
title = {Nature, nurture, or chance: stochastic gene expression and its consequences},
journal = {Cell},
volume = {135},
number = {2},
pages = {216-26},
doi = {10.1016/j.cell.2008.09.050}
}
@article{Raj2013,
author = {Raj, Towfique and Kuchroo, Manik and Replogle, Joseph M. and Raychaudhuri, Soumya and Stranger, Barbara E. and {De Jager}, Philip L.},
year = {2013},
title = {Common risk alleles for inflammatory diseases are targets of recent positive selection.},
journal = {American journal of human genetics},
volume = {92},
number = {4},
pages = {517--29},
doi = {10.1016/j.ajhg.2013.03.001}
}
@article{Rapaport2013,
author = {Rapaport, Franck and Khanin, Raya and Liang, Yupu and Pirun, Mono and Krek, Azra and Zumbo, Paul and Mason, Christopher E and Socci, Nicholas D and Betel, Doron},
year = {2013},
title = {Comprehensive evaluation of differential gene expression analysis methods for {RNA}-seq data.},
journal = {Genome biology},
volume = {14},
number = {9},
pages = {R95},
doi = {10.1186/gb-2013-14-9-r95}
}
@article{Raser2004,
author = {Raser, J. M. and O'Shea, E. K.},
year = {2004},
title = {Control of stochasticity in eukaryotic gene expression},
journal = {Science},
volume = {304},
number = {5678},
pages = {1811-4},
doi = {10.1126/science.1098641}
}
@article{Raser2005,
author = {Raser, J. M. and O'Shea, E. K.},
year = {2005},
title = {Noise in gene expression: origins, consequences, and control},
journal = {Science},
volume = {309},
number = {5743},
pages = {2010-3},
doi = {10.1126/science.1105891}
}
@article{Reed2004,
author = {Reed, Michael B and Domenech, Pilar and Manca, Claudia and Su, Hua and Barczak, Amy K and Kreiswirth, Barry N and Kaplan, Gilla and Barry, Clifton E},
year = {2004},
title = {A glycolipid of hypervirulent tuberculosis strains that inhibits the innate immune response.},
journal = {Nature},
volume = {431},
number = {7004},
pages = {84--7},
doi = {10.1038/nature02837}
}
@article{Risso2014,
author = {Risso, D. and Ngai, J. and Speed, T. P. and Dudoit, S.},
year = {2014},
title = {Normalization of {RNA}-seq data using factor analysis of control genes or samples},
journal = {Nat Biotechnol},
volume = {32},
number = {9},
pages = {896-902},
doi = {10.1038/nbt.2931}
}
@article{Ritchie2015,
author = {Ritchie, Matthew E and Phipson, Belinda and Wu, Di and Hu, Yifang and Law, Charity W and Shi, Wei and Smyth, Gordon K},
year = {2015},
title = {limma powers differential expression analyses for {RNA}-sequencing and microarray studies.},
journal = {Nucleic acids research},
volume = {43},
number = {7},
pages = {e47},
doi = {10.1093/nar/gkv007}
}
@article{Rivero-Lezcano2012,
author = {Rivero-Lezcano, Octavio M},
year = {2013},
title = {In vitro infection of human cells with {M}ycobacterium tuberculosis.},
journal = {Tuberculosis (Edinburgh, Scotland)},
volume = {93},
number = {2},
pages = {123--9},
doi = {10.1016/j.tube.2012.09.002}
}
@article{Roadmap2015,
author = {{Roadmap Epigenomics Consortium} and Kundaje, Anshul and Meuleman, Wouter and Ernst, Jason and Bilenky, Misha and Yen, Angela and Heravi-Moussavi, Alireza and Kheradpour, Pouya and Zhang, Zhizhuo and Wang, Jianrong and Ziller, Michael J. and Amin, Viren and Whitaker, John W and Schultz, Matthew D and Ward, Lucas D. and Sarkar, Abhishek and Quon, Gerald and Sandstrom, Richard S. and Eaton, Matthew L. and Wu, Yi-Chieh and Pfenning, Andreas R and Wang, Xinchen and Claussnitzer, Melina and Liu, Yaping and Coarfa, Cristian and Harris, R. Alan and Shoresh, Noam and Epstein, Charles B and Gjoneska, Elizabeta and Leung, Danny and Xie, Wei and Hawkins, R David and Lister, Ryan and Hong, Chibo and Gascard, Philippe and Mungall, Andrew J. and Moore, Richard and Chuah, Eric and Tam, Angela and Canfield, Theresa K and Hansen, R. Scott and Kaul, Rajinder and Sabo, Peter J. and Bansal, Mukul S and Carles, Annaick and Dixon, Jesse R and Farh, Kai-How and Feizi, Soheil and Karlic, Rosa and Kim, Ah-Ram and Kulkarni, Ashwinikumar and Li, Daofeng and Lowdon, Rebecca and Elliott, GiNell and Mercer, Tim R. and Neph, Shane J. and Onuchic, Vitor and Polak, Paz and Rajagopal, Nisha and Ray, Pradipta and Sallari, Richard C and Siebenthall, Kyle T. and Sinnott-Armstrong, Nicholas A and Stevens, Michael and Thurman, Robert E. and Wu, Jie and Zhang, Bo and Zhou, Xin and Beaudet, Arthur E. and Boyer, Laurie A and {De Jager}, Philip L and Farnham, Peggy J and Fisher, Susan J and Haussler, David and Jones, Steven J M and Li, Wei and Marra, Marco A and McManus, Michael T and Sunyaev, Shamil and Thomson, James A and Tlsty, Thea D and Tsai, Li-Huei and Wang, Wei and Waterland, Robert A and Zhang, Michael Q and Chadwick, Lisa H and Bernstein, Bradley E and Costello, Joseph F and Ecker, Joseph R and Hirst, Martin and Meissner, Alexander and Milosavljevic, Aleksandar and Ren, Bing and Stamatoyannopoulos, John A and Wang, Ting and Kellis, Manolis},
year = {2015},
title = {Integrative analysis of 111 reference human epigenomes.},
journal = {Nature},
volume = {518},
number = {7539},
pages = {317--30},
doi = {10.1038/nature14248}
}
@article{Roberts2006,
author = {Roberts, Esteban a. and Chua, Jennifer and Kyei, George B. and Deretic, Vojo},
year = {2006},
title = {Higher order Rab programming in phagolysosome biogenesis.},
journal = {The Journal of cell biology},
volume = {174},
number = {7},
pages = {923--9},
doi = {10.1083/jcb.200603026}
}
@article{Robinson2010,
author = {Robinson, Mark D and Oshlack, Alicia},
year = {2010},
title = {A scaling normalization method for differential expression analysis of {RNA}-seq data.},
journal = {Genome biology},
volume = {11},
number = {3},
pages = {R25},
doi = {10.1186/gb-2010-11-3-r25}
}
@article{Rocha-Ramirez2008,
author = {Rocha-Ram{\'{i}}rez, Luz Mar{\'{i}}a and Estrada-Garc{\'{i}}a, Iris and L{\'{o}}pez-Mar{\'{i}}n, Luz Mar{\'{i}}a and Segura-Salinas, Erika and M{\'{e}}ndez-Arag{\'{o}}n, Patricia and {Van Soolingen}, Dick and Torres-Gonz{\'{a}}lez, Rub{\'{e}}n and Chac{\'{o}}n-Salinas, Rommel and Estrada-Parra, Sergio and Maldonado-Bernal, Carmen and L{\'{o}}pez-Mac{\'{i}}as, Constantino and Isibasi, Armando},
year = {2008},
title = {{M}ycobacterium tuberculosis lipids regulate cytokines, {TLR}-2/4 and {MHC} class {II} expression in human macrophages.},
journal = {Tuberculosis (Edinburgh, Scotland)},
volume = {88},
number = {3},
pages = {212--20},
doi = {10.1016/j.tube.2007.10.003}
}
@article{Rose2013,
author = {Rose, Graham and Cortes, Teresa and Comas, I{\~{n}}aki and Coscolla, Mireia and Gagneux, Sebastien and Young, Douglas B.},
year = {2013},
title = {Mapping of genotype-phenotype diversity among clinical isolates of {M}ycobacterium tuberculosis by sequence-based transcriptional profiling.},
journal = {Genome biology and evolution},
volume = {5},
number = {10},
pages = {1849--62},
doi = {10.1093/gbe/evt138}
}
@article{Rotem2015,
author = {Rotem, Assaf and Ram, Oren and Shoresh, Noam and Sperling, Ralph a and Goren, Alon and Weitz, David a and Bernstein, Bradley E},
year = {2015},
title = {Single-cell {ChIP}-seq reveals cell subpopulations defined by chromatin state.},
journal = {Nature biotechnology},
volume = {33},
number = {11},
pages = {1165--72},
doi = {10.1038/nbt.3383}
}
@article{SEQC/MAQC-IIIConsortium2014,
author = {{SEQC/MAQC-III Consortium}},
year = {2014},
title = {A comprehensive assessment of {RNA}-seq accuracy, reproducibility and information content by the {Sequencing Quality Control Consortium}.},
journal = {Nature biotechnology},
volume = {32},
number = {9},
pages = {903--14},
doi = {10.1038/nbt.2957}
}
@article{Saliba2014,
author = {Saliba, A. E. and Westermann, A. J. and Gorski, S. A. and Vogel, J.},
year = {2014},
title = {Single-cell {RNA-seq}: advances and future challenges},
journal = {Nucleic Acids Res},
volume = {42},
number = {14},
pages = {8845-60},
doi = {10.1093/nar/gku555}
}
@article{Satija2014,
author = {Satija, Rahul and Shalek, Alex K.},
year = {2014},
title = {Heterogeneity in immune responses: from populations to single cells.},
journal = {Trends in immunology},
volume = {35},
number = {5},
pages = {219--29},
doi = {10.1016/j.it.2014.03.004}
}
@article{Schork2009,
author = {Schork, Nicholas J and Murray, Sarah S and Frazer, Kelly a and Topol, Eric J},
year = {2009},
title = {Common vs. rare allele hypotheses for complex diseases.},
journal = {Current opinion in genetics {\&} development},
volume = {19},
number = {3},
pages = {212--9},
doi = {10.1016/j.gde.2009.04.010}
}
@article{Scolletta2013,
author = {Scolletta, Sabino and Colletti, Marta and {Di Luigi}, Luigi and Crescioli, Clara},
year = {2013},
title = {Vitamin {D} receptor agonists target {CXCL10}: new therapeutic tools for resolution of inflammation.},
journal = {Mediators of inflammation},
volume = {2013},
number = {},
pages = {876319},
doi = {10.1155/2013/876319}
}
@article{Seung2015,
author = {Seung, Kwonjune J and Keshavjee, Salmaan and Rich, Michael L},
year = {2015},
title = {Multidrug-Resistant Tuberculosis and Extensively Drug-Resistant Tuberculosis.},
journal = {Cold Spring Harbor perspectives in medicine},
volume = {5},
number = {9},
pages = {579--598},
doi = {10.1101/cshperspect.a017863}
}
@article{Shalek2013,
author = {Shalek, A. K. and Satija, R. and Adiconis, X. and Gertner, R. S. and Gaublomme, J. T. and Raychowdhury, R. and Schwartz, S. and Yosef, N. and Malboeuf, C. and Lu, D. and Trombetta, J. J. and Gennert, D. and Gnirke, A. and Goren, A. and Hacohen, N. and Levin, J. Z. and Park, H. and Regev, A.},
year = {2013},
title = {Single-cell transcriptomics reveals bimodality in expression and splicing in immune cells},
journal = {Nature},
volume = {498},
number = {7453},
pages = {236-40},
doi = {10.1038/nature12172}
}
@article{Shalek2014,
author = {Shalek, Alex K and Satija, Rahul and Shuga, Joe and Trombetta, John J and Gennert, Dave and Lu, Diana and Chen, Peilin and Gertner, Rona S and Gaublomme, Jellert T and Yosef, Nir and Schwartz, Schraga and Fowler, Brian and Weaver, Suzanne and Wang, Jing and Wang, Xiaohui and Ding, Ruihua and Raychowdhury, Raktima and Friedman, Nir and Hacohen, Nir and Park, Hongkun and May, Andrew P and Regev, Aviv},
year = {2014},
title = {Single-cell {RNA}-seq reveals dynamic paracrine control of cellular variation.},
journal = {Nature},
volume = {510},
number = {7505},
pages = {363--9},
doi = {10.1038/nature13437}
}
@inbook{Shevah2011,
author = {Shevah, Orit and Laron, Zvi},
year = {2011},
title = {Genetic Aspects},
journal = {},
volume = {},
number = {},
pages = {29--52},
doi = {10.1007/978-3-642-11183-9_5}
}
@article{Shiroguchi2012,
author = {Shiroguchi, K. and Jia, T. Z. and Sims, P. A. and Xie, X. S.},
year = {2012},
title = {Digital {RNA} sequencing minimizes sequence-dependent bias and amplification noise with optimized single-molecule barcodes},
journal = {Proc Natl Acad Sci U S A},
volume = {109},
number = {4},
pages = {1347-52},
doi = {10.1073/pnas.1118018109}
}
@article{Sia2015,
author = {Sia, Jonathan Kevin and Georgieva, Maria and Rengarajan, Jyothi},
year = {2015},
title = {Innate Immune Defenses in Human Tuberculosis: An Overview of the Interactions between {M}ycobacterium tuberculosis and Innate Immune Cells.},
journal = {Journal of immunology research},
volume = {2015},
number = {},
pages = {747543},
doi = {10.1155/2015/747543}
}
@article{Simeone2009,
author = {Simeone, Roxane and Bottai, Daria and Brosch, Roland},
year = {2009},
title = {{ESX}/type {VII} secretion systems and their role in host-pathogen interaction.},
journal = {Current opinion in microbiology},
volume = {12},
number = {1},
pages = {4--10},
doi = {10.1016/j.mib.2008.11.003}
}
@article{Simeone2015,
author = {Simeone, Roxane and Sayes, Fadel and Song, Okryul and Gr{\"{o}}schel, Matthias I. and Brodin, Priscille and Brosch, Roland and Majlessi, Laleh},
year = {2015},
title = {Cytosolic access of {M}ycobacterium tuberculosis: critical impact of phagosomal acidification control and demonstration of occurrence in vivo.},
journal = {PLoS pathogens},
volume = {11},
number = {2},
pages = {e1004650},
doi = {10.1371/journal.ppat.1004650}
}
@article{Sinsimer2008,
author = {Sinsimer, Daniel and Huet, Gaelle and Manca, Claudia and Tsenova, Liana and Koo, Mi-Sun and Kurepina, Natalia and Kana, Bavesh and Mathema, Barun and Marras, Salvatore a E and Kreiswirth, Barry N. and Guilhot, Christophe and Kaplan, Gilla},
year = {2008},
title = {The phenolic glycolipid of {M}ycobacterium tuberculosis differentially modulates the early host cytokine response but does not in itself confer hypervirulence.},
journal = {Infection and immunity},
volume = {76},
number = {7},
pages = {3027--36},
doi = {10.1128/IAI.01663-07}
}
@article{Smallwood2014,
author = {Smallwood, S{\'{e}}bastien a and Lee, Heather J and Angermueller, Christof and Krueger, Felix and Saadeh, Heba and Peat, Julian and Andrews, Simon R and Stegle, Oliver and Reik, Wolf and Kelsey, Gavin},
year = {2014},
title = {Single-cell genome-wide bisulfite sequencing for assessing epigenetic heterogeneity.},
journal = {Nature methods},
volume = {11},
number = {8},
pages = {817--20},
doi = {10.1038/nmeth.3035}
}
@article{Smith2016,
author = {Smith, Tom Sean and Heger, Andreas and Sudbery, Ian},
year = {2016},
title = {{UMI}-tools: Modelling sequencing errors in {Unique Molecular Identifiers} to improve quantification},
journal = {bioRxiv},
volume = {},
number = {},
pages = {},
doi = {http://dx.doi.org/10.1101/051755}
}
@article{Smyth2004,
author = {Smyth, Gordon K},
year = {2004},
title = {Linear models and empirical bayes methods for assessing differential expression in microarray experiments.},
journal = {Statistical applications in genetics and molecular biology},
volume = {3},
number = {1},
pages = {Article3},
doi = {10.2202/1544-6115.1027}
}
@article{Smyth2005,
author = {Smyth, Gordon K. and Michaud, Jo{\"{e}}lle and Scott, Hamish S.},
year = {2005},
title = {Use of within-array replicate spots for assessing differential expression in microarray experiments.},
journal = {Bioinformatics (Oxford, England)},
volume = {21},
number = {9},
pages = {2067--75},
doi = {10.1093/bioinformatics/bti270}
}
@article{Sobota2016,
author = {Sobota, Rafal S. and Stein, Catherine M. and Kodaman, Nuri and Scheinfeldt, Laura B. and Maro, Isaac and Wieland-Alter, Wendy and Igo, Robert P. and Magohe, Albert and Malone, Lashaunda L. and Chervenak, Keith and Hall, Noemi B. and Modongo, Chawangwa and Zetola, Nicola and Matee, Mecky and Joloba, Moses and Froment, Alain and Nyambo, Thomas B. and Moore, Jason H. and Scott, William K. and Lahey, Timothy and Boom, W. Henry and von Reyn, C Fordham and Tishkoff, Sarah A. and Sirugo, Giorgio and Williams, Scott M.},
year = {2016},
title = {A Locus at 5q33.3 Confers Resistance to Tuberculosis in Highly Susceptible Individuals.},
journal = {American journal of human genetics},
volume = {98},
number = {3},
pages = {514--24},
doi = {10.1016/j.ajhg.2016.01.015}
}
@article{Soneson2013,
author = {Soneson, Charlotte and Delorenzi, Mauro},
year = {2013},
title = {A comparison of methods for differential expression analysis of {RNA}-seq data.},
journal = {BMC bioinformatics},
volume = {14},
number = {1},
pages = {91},
doi = {10.1186/1471-2105-14-91}
}
@article{Sotgiu2015,
author = {Sotgiu, Giovanni and Centis, Rosella and D'ambrosio, Lia and Migliori, Giovanni Battista},
year = {2015},
title = {Tuberculosis treatment and drug regimens.},
journal = {Cold Spring Harbor perspectives in medicine},
volume = {5},
number = {5},
pages = {505--516},
doi = {10.1101/cshperspect.a017822}
}
@article{Spang2014,
author = {Spang, Natalie and Feldmann, Anne and Huesmann, Heike and Bekbulat, Fazilet and Schmitt, Verena and Hiebel, Christof and Koziollek-Drechsler, Ingrid and Clement, Albrecht M and Moosmann, Bernd and Jung, Jennifer and Behrends, Christian and Dikic, Ivan and Kern, Andreas and Behl, Christian},
year = {2014},
title = {{RAB3GAP1} and {RAB3GAP2} modulate basal and rapamycin-induced autophagy.},
journal = {Autophagy},
volume = {10},
number = {12},
pages = {2297--309},
doi = {10.4161/15548627.2014.994359}
}
@article{Stanley2007,
author = {Stanley, Sarah a and Johndrow, James E and Manzanillo, Paolo and Cox, Jeffery S},
year = {2007},
title = {The Type {I} {IFN} response to infection with {M}ycobacterium tuberculosis requires {ESX}-1-mediated secretion and contributes to pathogenesis.},
journal = {Journal of immunology (Baltimore, Md. : 1950)},
volume = {178},
number = {5},
pages = {3143--52},
doi = {10.4049/jimmunol.178.5.3143}
}
@article{Stanley2013,
author = {Stanley, Sarah A and Cox, Jeffery S},
year = {2013},
title = {Host-pathogen interactions during {M}ycobacterium tuberculosis infections.},
journal = {Current topics in microbiology and immunology},
volume = {374},
number = {July},
pages = {211--41},
doi = {10.1007/82_2013_332}
}
@article{Starr2016,
author = {Starr, Tyler N and Thornton, Joseph W},
year = {2016},
title = {Epistasis in protein evolution.},
journal = {Protein science : a publication of the Protein Society},
volume = {25},
number = {7},
pages = {1204--18},
doi = {10.1002/pro.2897}
}
@article{Stegle2015,
author = {Stegle, O. and Teichmann, S. A. and Marioni, J. C.},
year = {2015},
title = {Computational and analytical challenges in single-cell transcriptomics},
journal = {Nat Rev Genet},
volume = {16},
number = {3},
pages = {133-45},
doi = {10.1038/nrg3833}
}
@article{Stephens2009,
author = {Stephens, Matthew and Balding, David J},
year = {2009},
title = {Bayesian statistical methods for genetic association studies.},
journal = {Nature reviews. Genetics},
volume = {10},
number = {10},
pages = {681--90},
doi = {10.1038/nrg2615}
}
@article{Stephens2016,
author = {Stephens, Matthew},
year = {2016},
title = {False Discovery Rates: A New Deal.},
journal = {bioRxiv},
volume = {},
number = {},
pages = {},
doi = {10.1101/038216}
}
@book{Strachan2011,
author = {Strachan, T. and Read, A.P.},
year = {2011},
title = {Human Molecular Genetics 4},
journal = {},
volume = {},
number = {},
pages = {},
doi = {}
}
@article{Sturgill-Koszycki1994,
author = {Sturgill-Koszycki, S and Schlesinger, P H and Chakraborty, P and Haddix, P L and Collins, H L and Fok, A K and Allen, R D and Gluck, S L and Heuser, J and Russell, D G},
year = {1994},
title = {Lack of acidification in {M}ycobacterium phagosomes produced by exclusion of the vesicular proton-{ATP}ase.},
journal = {Science (New York, N.Y.)},
volume = {263},
number = {5147},
pages = {678--81},
doi = {10.1126/science.8303277}
}
@article{Sudhof2004,
author = {Sudhof, Thomas C},
year = {2004},
title = {The synaptic vesicle cycle.},
journal = {Annual review of neuroscience},
volume = {27},
number = {6533},
pages = {509--47},
doi = {10.1146/annurev.neuro.26.041002.131412}
}
@article{Sulakhe2016,
author = {Sulakhe, Dinanath and Xie, Bingqing and Taylor, Andrew and D'Souza, Mark and Balasubramanian, Sandhya and Hashemifar, Somaye and White, Steven and Dave, Utpal J and Agam, Gady and Xu, Jinbo and Wang, Sheng and Gilliam, T Conrad and Maltsev, Natalia},
year = {2016},
title = {Lynx: a knowledge base and an analytical workbench for integrative medicine.},
journal = {Nucleic acids research},
volume = {44},
number = {D1},
pages = {D882--7},
doi = {10.1093/nar/gkv1257}
}
@article{Tailleux2003,
author = {Tailleux, Ludovic and Neyrolles, Olivier and Honor{\'{e}}-Bouakline, St{\'{e}}phanie and Perret, Emmanuelle and Sanchez, Fran{\c{c}}oise and Abastado, Jean-Pierre and Lagrange, Philippe Henri and Gluckman, Jean Claude and Rosenzwajg, Michelle and Herrmann, Jean-Louis},
year = {2003},
title = {Constrained intracellular survival of {M}ycobacterium tuberculosis in human dendritic cells.},
journal = {Journal of immunology (Baltimore, Md. : 1950)},
volume = {170},
number = {4},
pages = {1939--48},
doi = {}
}
@article{Tailleux2008,
author = {Tailleux, Ludovic and Waddell, Simon J and Pelizzola, Mattia and Mortellaro, Alessandra and Withers, Michael and Tanne, Antoine and Castagnoli, Paola Ricciardi and Gicquel, Brigitte and Stoker, Neil G and Butcher, Philip D and Foti, Maria and Neyrolles, Olivier},
year = {2008},
title = {Probing host pathogen cross-talk by transcriptional profiling of both {M}ycobacterium tuberculosis and infected human dendritic cells and macrophages.},
journal = {PloS one},
volume = {3},
number = {1},
pages = {e1403},
doi = {10.1371/journal.pone.0001403}
}
@article{Tang2009,
author = {Tang, Nelson Leung-Sang and Fan, Harris Pok Yin and Chang, Kwok Chiu and Ching, Jasmine Kuk Lai and Kong, Kathy Pui Shan and Yew, Wing Wai and Kam, Kai Man and Leung, Chi Chiu and Tam, Cheuk Ming and Blackwell, Jenefer and Chan, Chiu Yeung},
year = {2009},
title = {Genetic association between a chemokine gene {CXCL-10} ({IP-10}, interferon gamma inducible protein 10) and susceptibility to tuberculosis.},
journal = {Clinica chimica acta; international journal of clinical chemistry},
volume = {406},
number = {1-2},
pages = {98--102},
doi = {10.1016/j.cca.2009.06.006}
}
@article{Tang2011,
author = {Tang, N. L S and Chan, C. Y. and Leung, C. C. and Tam, C. M. and Blackwell, J.},
year = {2011},
title = {Tuberculosis susceptibility genes in the chemokine cluster region of chromosome 17 in Hong Kong Chinese.},
journal = {Hong Kong medical journal = Xianggang yi xue za zhi / Hong Kong Academy of Medicine},
volume = {17 Suppl 6},
number = {6},
pages = {22--5},
doi = {}
}
@article{Tanveer2009,
author = {Tanveer, Mahnaz and Hasan, Zahra and Kanji, Akbar and Hussain, Rabia and Hasan, Rumina},
year = {2009},
title = {Reduced {TNF}-alpha and {IFN}-gamma responses to {C}entral {A}sian strain 1 and {B}eijing isolates of {M}ycobacterium tuberculosis in comparison with {H37Rv} strain.},
journal = {Transactions of the Royal Society of Tropical Medicine and Hygiene},
volume = {103},
number = {6},
pages = {581--7},
doi = {10.1016/j.trstmh.2009.03.014}
}
@article{Thomas2010,
author = {Thomas, Duncan},
year = {2010},
title = {Gene--environment-wide association studies: emerging approaches.},
journal = {Nature reviews. Genetics},
volume = {11},
number = {4},
pages = {259--72},
doi = {10.1038/nrg2764}
}
@article{Thomas2015,
author = {Thomas, S. M. and Kagan, C. and Pavlovic, B. J. and Burnett, J. and Patterson, K. and Pritchard, J. K. and Gilad, Y.},
year = {2015},
title = {Reprogramming LCLs to {iPSC}s Results in Recovery of Donor-Specific Gene Expression Signature},
journal = {PLoS Genet},
volume = {11},
number = {5},
pages = {e1005216},
doi = {10.1371/journal.pgen.1005216}
}
@article{Thuong2008,
author = {Thuong, Nguyen Thuy Thuong and Dunstan, Sarah J and Chau, Tran Thi Hong and Thorsson, Vesteinn and Simmons, Cameron P and Quyen, Nguyen Than Ha and Thwaites, Guy E and {Thi Ngoc Lan}, Nguyen and Hibberd, Martin and Teo, Yik Y and Seielstad, Mark and Aderem, Alan and Farrar, Jeremy J and Hawn, Thomas R},
year = {2008},
title = {Identification of tuberculosis susceptibility genes with human macrophage gene expression profiles.},
journal = {PLoS pathogens},
volume = {4},
number = {12},
pages = {e1000229},
doi = {10.1371/journal.ppat.1000229}
}
@article{Thye2010,
author = {Thye, Thorsten and Vannberg, Fredrik O and Wong, Sunny H and Owusu-Dabo, Ellis and Osei, Ivy and Gyapong, John and Sirugo, Giorgio and Sisay-Joof, Fatou and Enimil, Anthony and Chinbuah, Margaret a and Floyd, Sian and Warndorff, David K and Sichali, Lifted and Malema, Simon and Crampin, Amelia C and Ngwira, Bagrey and Teo, Yik Y and Small, Kerrin and Rockett, Kirk and Kwiatkowski, Dominic and Fine, Paul E and Hill, Philip C and Newport, Melanie and Lienhardt, Christian and Adegbola, Richard a and Corrah, Tumani and Ziegler, Andreas and {African TB Genetics Consortium} and {Wellcome Trust Case Control Consortium} and Morris, Andrew P and Meyer, Christian G and Horstmann, Rolf D and Hill, Adrian V S},
year = {2010},
title = {Genome-wide association analyses identifies a susceptibility locus for tuberculosis on chromosome 18q11.2.},
journal = {Nature genetics},
volume = {42},
number = {9},
pages = {739--41},
doi = {10.1038/ng.639}
}
@article{Thye2012,
author = {Thye, Thorsten and Owusu-Dabo, Ellis and Vannberg, Fredrik O and van Crevel, Reinout and Curtis, James and Sahiratmadja, Edhyana and Balabanova, Yanina and Ehmen, Christa and Muntau, Birgit and Ruge, Gerd and Sievertsen, J{\"{u}}rgen and Gyapong, John and Nikolayevskyy, Vladyslav and Hill, Philip C and Sirugo, Giorgio and Drobniewski, Francis and van de Vosse, Esther and Newport, Melanie and Alisjahbana, Bachti and Nejentsev, Sergey and Ottenhoff, Tom H M and Hill, Adrian V S and Horstmann, Rolf D and Meyer, Christian G},
year = {2012},
title = {Common variants at 11p13 are associated with susceptibility to tuberculosis.},
journal = {Nature genetics},
volume = {44},
number = {3},
pages = {257--9},
doi = {10.1038/ng.1080}
}
@article{Torres2013,
author = {Torres, J M and Cox, N J and Philipson, L H},
year = {2013},
title = {Genome wide association studies for diabetes: perspective on results and challenges.},
journal = {Pediatric diabetes},
volume = {14},
number = {2},
pages = {90--6},
doi = {10.1111/pedi.12015}
}
@article{Trynka2013,
author = {Trynka, Gosia and Sandor, Cynthia and Han, Buhm and Xu, Han and Stranger, Barbara E and Liu, X Shirley and Raychaudhuri, Soumya},
year = {2013},
title = {Chromatin marks identify critical cell types for fine mapping complex trait variants.},
journal = {Nature genetics},
volume = {45},
number = {2},
pages = {124--30},
doi = {10.1038/ng.2504}
}
@article{Tsankov2015,
author = {Tsankov, Alexander M and Gu, Hongcang and Akopian, Veronika and Ziller, Michael J and Donaghey, Julie and Amit, Ido and Gnirke, Andreas and Meissner, Alexander},
year = {2015},
title = {Transcription factor binding dynamics during human {ES} cell differentiation.},
journal = {Nature},
volume = {518},
number = {7539},
pages = {344--9},
doi = {10.1038/nature14233}
}
@article{Tung2016,
author = {Tung, Po-Yuan and Blischak, John D and Hsiao, Chiaowen and Knowles, David A and Burnett, Jonathan E and Pritchard, Jonathan K and Gilad, Yoav},
year = {2016},
title = {Batch effects and the effective design of single-cell gene expression studies},
journal = {bioRxiv},
volume = {},
number = {},
pages = {062919},
doi = {10.1101/062919}
}
@article{Turchin2012,
author = {Turchin, Michael C and Chiang, Charleston W K and Palmer, Cameron D and Sankararaman, Sriram and Reich, David and {Genetic Investigation of ANthropometric Traits (GIANT) Consortium} and Hirschhorn, Joel N},
year = {2012},
title = {Evidence of widespread selection on standing variation in {Europe} at height-associated {SNP}s.},
journal = {Nature genetics},
volume = {44},
number = {9},
pages = {1015--9},
doi = {10.1038/ng.2368}
}
@article{Vallejos2015,
author = {Vallejos, C. A. and Marioni, J. C. and Richardson, S.},
year = {2015},
title = {{BASiCS}: Bayesian Analysis of Single-Cell Sequencing Data},
journal = {PLoS Comput Biol},
volume = {11},
number = {6},
pages = {e1004333},
doi = {10.1371/journal.pcbi.1004333}
}
@article{Vallejos2016,
author = {Vallejos, C. A. and Richardson, S. and Marioni, J. C.},
year = {2016},
title = {Beyond comparisons of means: understanding changes in gene expression at the single-cell level},
journal = {Genome Biology},
volume = {17},
number = {70},
pages = {1-14},
doi = {10.1186/s13059-016-0930-3}
}
@article{VanHeyningen1997,
author = {VanHeyningen, T K and Collins, H L and Russell, D G},
year = {1997},
title = {{IL-6} produced by macrophages infected with {M}ycobacterium species suppresses {T} cell responses.},
journal = {Journal of immunology (Baltimore, Md. : 1950)},
volume = {158},
number = {1},
pages = {330--7},
doi = {}
}
@article{VandeGeijn2015,
author = {van de Geijn, Bryce and McVicker, Graham and Gilad, Yoav and Pritchard, Jonathan K},
year = {2015},
title = {{WASP}: allele-specific software for robust molecular quantitative trait locus discovery.},
journal = {Nature methods},
volume = {12},
number = {11},
pages = {1061--3},
doi = {10.1038/nmeth.3582}
}
@article{VanderWel2007,
author = {van der Wel, Nicole and Hava, David and Houben, Diane and Fluitsma, Donna and van Zon, Maaike and Pierson, Jason and Brenner, Michael and Peters, Peter J.},
year = {2007},
title = {{M}. tuberculosis and {M}. leprae translocate from the phagolysosome to the cytosol in myeloid cells.},
journal = {Cell},
volume = {129},
number = {7},
pages = {1287--98},
doi = {10.1016/j.cell.2007.05.059}
}
@article{Vannberg2011,
author = {Vannberg, Fredrik O and Chapman, Stephen J and Hill, Adrian V S},
year = {2011},
title = {Human genetic susceptibility to intracellular pathogens.},
journal = {Immunological reviews},
volume = {240},
number = {1},
pages = {105--16},
doi = {10.1111/j.1600-065X.2010.00996.x}
}
@article{Vaquerizas2009,
author = {Vaquerizas, Juan M and Kummerfeld, Sarah K and Teichmann, Sarah A and Luscombe, Nicholas M},
year = {2009},
title = {A census of human transcription factors: function, expression and evolution.},
journal = {Nature reviews. Genetics},
volume = {10},
number = {4},
pages = {252--63},
doi = {10.1038/nrg2538}
}
@article{Venter2001,
author = {Venter, J C and Adams, M D and Myers, E W and Li, P W and Mural, Richard J and Sutton, Granger G and Smith, H O and Yandell, Mark and Evans, Cheryl A and Holt, Robert A and Gocayne, Jeannine D and Amanatides, Peter and Ballew, Richard M and Huson, Daniel H and Wortman, Jennifer Russo and Zhang, Q and Kodira, Chinnappa D and Zheng, X H and Chen, Lin and Skupski, Marian and Subramanian, Gangadharan and Thomas, P D and Zhang, J and {Gabor Miklos}, G L and Nelson, C and Broder, Samuel and Clark, Andrew G and Nadeau, Joe and McKusick, V A and Zinder, Norton and Levine, Arnold J and Roberts, Richard J and Simon, Mel and Slayman, Carolyn and Hunkapiller, Michael and Bolanos, Randall and Delcher, Arthur and Dew, Ian and Fasulo, Daniel and Flanigan, Michael and Florea, Liliana and Halpern, Aaron and Hannenhalli, Sridhar and Kravitz, Saul and Levy, Samuel and Mobarry, Clark and Reinert, Knut and Remington, Karin and Abu-Threideh, J and Beasley, Ellen and Biddick, Kendra and Bonazzi, Vivien and Brandon, Rhonda and Cargill, Michele and Chandramouliswaran, Ishwar and Charlab, Rosane and Chaturvedi, Kabir and Deng, Zuoming and {Di Francesco}, V and Dunn, Patrick and Eilbeck, Karen and Evangelista, Carlos and Gabrielian, Andrei E and Gan, Weiniu and Ge, Wangmao and Gong, Fangcheng and Gu, Zhiping and Guan, Ping and Heiman, Thomas J and Higgins, Maureen E and Ji, R R and Ke, Zhaoxi and Ketchum, Karen A and Lai, Zhongwu and Lei, Yiding and Li, Z and Li, Jiayin and Liang, Yong and Lin, Xiaoying and Lu, Fu and Merkulov, Gennady V and Milshina, Natalia and Moore, Helen M and Naik, Ashwinikumar K and Narayan, Vaibhav A and Neelam, Beena and Nusskern, Deborah and Rusch, Douglas B and Salzberg, Steven and Shao, Wei and Shue, Bixiong and Sun, Jingtao and Wang, Z and Wang, A and Wang, X and Wang, J and Wei, Ming-hui and Wides, Ron and Xiao, Chunlin and Yan, Chunhua and Yao, Alison and Ye, Jane and Zhan, Ming and Zhang, W and Zhang, Hongyu and Zhao, Q and Zheng, Liansheng and Zhong, F and Zhong, Wenyan and Zhu, S and Zhao, Shaying and Gilbert, Dennis and Baumhueter, Suzanna and Spier, Gene and Carter, Christine and Cravchik, Anibal and Woodage, Trevor and Ali, Feroze and An, Huijin and Awe, Aderonke and Baldwin, Danita and Baden, Holly and Barnstead, Mary and Barrow, Ian and Beeson, Karen and Busam, Dana and Carver, Amy and Center, A and Cheng, Ming Lai and Curry, Liz and Danaher, Steve and Davenport, Lionel and Desilets, Raymond and Dietz, Susanne and Dodson, Kristina and Doup, Lisa and Ferriera, Steven and Garg, Neha and Gluecksmann, Andres and Hart, Brit and Haynes, J and Haynes, Charles and Heiner, Cheryl and Hladun, Suzanne and Hostin, Damon and Houck, Jarrett and Howland, Timothy and Ibegwam, Chinyere and Johnson, Jeffery and Kalush, Francis and Kline, Lesley and Koduru, Shashi and Love, Amy and Mann, Felecia and May, David and McCawley, S and McIntosh, T and McMullen, I and Moy, M and Moy, Linda and Murphy, B and Nelson, Keith and Pfannkoch, Cynthia and Pratts, Eric and Puri, Vinita and Qureshi, Hina and Reardon, Matthew and Rodriguez, Robert and Rogers, Y H and Romblad, Deanna and Ruhfel, Bob and Scott, R and Sitter, Cynthia and Smallwood, Michelle and Stewart, Erin and Strong, Renee and Suh, Ellen and Thomas, Reginald and Tint, Ni Ni and Tse, Sukyee and Vech, Claire and Wang, G and Wetter, Jeremy and Williams, S and Williams, Monica and Windsor, Sandra and Winn-Deen, E and Wolfe, Keriellen and Zaveri, J and Zaveri, Karena and Abril, Josep F and Guig{\'{o}}, R and Campbell, M J and Sjolander, K V and Karlak, B and Kejariwal, Anish and Mi, Huaiyu and Lazareva, Betty and Hatton, Thomas and Narechania, Apurva and Diemer, Karen and Muruganujan, Anushya and Guo, Nan and Sato, Shinji and Bafna, Vineet and Istrail, Sorin and Lippert, Ross and Schwartz, Russell and Walenz, Brian and Yooseph, Shibu and Allen, David and Basu, Anand and Baxendale, James and Blick, Louis and Caminha, Marcelo and Carnes-Stine, J and Caulk, Parris and Chiang, Y H and Coyne, My and Dahlke, Carl and Mays, A and Dombroski, Maria and Donnelly, Michael and Ely, Dale and Esparham, Shiva and Fosler, Carl and Gire, Harold and Glanowski, Stephen and Glasser, Kenneth and Glodek, Anna and Gorokhov, Mark and Graham, Ken and Gropman, Barry and Harris, Michael and Heil, Jeremy and Henderson, Scott and Hoover, Jeffrey and Jennings, Donald and Jordan, C and Jordan, James and Kasha, John and Kagan, Leonid and Kraft, Cheryl and Levitsky, Alexander and Lewis, Mark and Liu, Xiangjun and Lopez, John and Ma, Daniel and Majoros, William and McDaniel, J and Murphy, Sean and Newman, Matthew and Nguyen, T and Nguyen, Ngoc and Nodell, Marc and Pan, Sue and Peck, Jim and Peterson, Marshall and Rowe, William and Sanders, Robert and Scott, John and Simpson, Michael and Smith, Thomas and Sprague, Arlan and Stockwell, Timothy and Turner, Russell and Venter, Eli and Wang, Mei and Wen, Meiyuan and Wu, D and Wu, Mitchell and Xia, Ashley and Zandieh, Ali and Zhu, Xiaohong},
year = {2001},
title = {The sequence of the human genome.},
journal = {Science (New York, N.Y.)},
volume = {291},
number = {5507},
pages = {1304--51},
doi = {10.1126/science.1058040}
}
@article{Vergne2004,
author = {Vergne, Isabelle and Chua, Jennifer and Singh, Sudha B and Deretic, Vojo},
year = {2004},
title = {Cell biology of {M}ycobacterium tuberculosis phagosome.},
journal = {Annual review of cell and developmental biology},
volume = {20},
number = {},
pages = {367--94},
doi = {10.1146/annurev.cellbio.20.010403.114015}
}
@article{Verway2013,
author = {Verway, Mark and Bouttier, Manuella and Wang, Tian-Tian and Carrier, Marilyn and Calderon, Mario and An, Beum-Soo and Devemy, Emmanuelle and McIntosh, Fiona and Divangahi, Maziar and Behr, Marcel a. and White, John H.},
year = {2013},
title = {Vitamin {D} induces interleukin-1$\beta$ expression: paracrine macrophage epithelial signaling controls {M}. tuberculosis infection.},
journal = {PLoS pathogens},
volume = {9},
number = {6},
pages = {e1003407},
doi = {10.1371/journal.ppat.1003407}
}
@article{Volpe2006,
author = {Volpe, Elisabetta and Cappelli, Giulia and Grassi, Manuela and Martino, Angelo and Serafino, Annalucia and Colizzi, Vittorio and Sanarico, Nunzia and Mariani, Francesca},
year = {2006},
title = {Gene expression profiling of human macrophages at late time of infection with {M}ycobacterium tuberculosis.},
journal = {Immunology},
volume = {118},
number = {4},
pages = {449--60},
doi = {10.1111/j.1365-2567.2006.02378.x}
}
@article{WHO2015a,
author = {{World Health Organization}},
year = {2015},
title = {Global tuberculosis report 2015},
journal = {},
volume = {},
number = {},
pages = {},
doi = {}
}
@article{WHO2015b,
author = {{World Health Organization}},
year = {2015},
title = {Global {TB} facts 2015},
journal = {},
volume = {},
number = {},
pages = {},
doi = {}
}
@article{Waern2011,
author = {Waern, Karl and Nagalakshmi, Ugrappa and Snyder, Michael},
year = {2011},
title = {{RNA} sequencing.},
journal = {Methods in molecular biology (Clifton, N.J.)},
volume = {759},
number = {1},
pages = {125--32},
doi = {10.1007/978-1-61779-173-4_8}
}
@article{Wang2009,
author = {Wang, Zhong and Gerstein, Mark and Snyder, Michael},
year = {2009},
title = {{RNA}-Seq: a revolutionary tool for transcriptomics.},
journal = {Nature reviews. Genetics},
volume = {10},
number = {1},
pages = {57--63},
doi = {10.1038/nrg2484}
}
@article{Wang2010,
author = {Wang, Chongzhen and Peyron, Pascale and Mestre, Olga and Kaplan, Gilla and van Soolingen, Dick and Gao, Qian and Gicquel, Brigitte and Neyrolles, Olivier},
year = {2010},
title = {Innate immune response to {M}ycobacterium tuberculosis {B}eijing and other genotypes.},
journal = {PloS one},
volume = {5},
number = {10},
pages = {e13594},
doi = {10.1371/journal.pone.0013594}
}
@article{Wang2013,
author = {Wang, Charles C and Zhu, Bingdong and Fan, Xionglin and Gicquel, Brigitte and Zhang, Ying},
year = {2013},
title = {Systems approach to tuberculosis vaccine development.},
journal = {Respirology (Carlton, Vic.)},
volume = {18},
number = {3},
pages = {412--20},
doi = {10.1111/resp.12052}
}
@article{Wang2016,
author = {Wang, Xinchen and Tucker, Nathan R and Rizki, Gizem and Mills, Robert and Krijger, Peter HL and de Wit, Elzo and Subramanian, Vidya and Bartell, Eric and Nguyen, Xinh-Xinh and Ye, Jiangchuan and Leyton-Mange, Jordan and Dolmatova, Elena V and van der Harst, Pim and de Laat, Wouter and Ellinor, Patrick T and Newton-Cheh, Christopher and Milan, David J and Kellis, Manolis and Boyer, Laurie A},
year = {2016},
title = {Discovery and validation of sub-threshold genome-wide association study loci using epigenomic signatures.},
journal = {eLife},
volume = {5},
number = {},
pages = {1--24},
doi = {10.7554/eLife.10557}
}
@article{Wassermann2015,
author = {Wassermann, Ruth and Gulen, Muhammet F. and Sala, Claudia and Perin, Sonia Garcia and Lou, Ye and Rybniker, Jan and Schmid-Burgk, Jonathan L. and Schmidt, Tobias and Hornung, Veit and Cole, Stewart T. and Ablasser, Andrea},
year = {2015},
title = {{M}ycobacterium tuberculosis Differentially Activates {cGAS}- and Inflammasome-Dependent Intracellular Immune Responses through {ESX}-1.},
journal = {Cell host {\&} microbe},
volume = {17},
number = {6},
pages = {799--810},
doi = {10.1016/j.chom.2015.05.003}
}
@article{Watson2012,
author = {Watson, Robert O. and Manzanillo, Paolo S. and Cox, Jeffery S.},
year = {2012},
title = {Extracellular {M}. tuberculosis {DNA} targets bacteria for autophagy by activating the host {DNA}-sensing pathway.},
journal = {Cell},
volume = {150},
number = {4},
pages = {803--15},
doi = {10.1016/j.cell.2012.06.040}
}
@article{Watson2015,
author = {Watson, Robert O. and Bell, Samantha L. and MacDuff, Donna A. and Kimmey, Jacqueline M. and Diner, Elie J. and Olivas, Joanna and Vance, Russell E. and Stallings, Christina L. and Virgin, Herbert W. and Cox, Jeffery S.},
year = {2015},
title = {The Cytosolic Sensor cGAS Detects {M}ycobacterium tuberculosis {DNA} to Induce Type {I} Interferons and Activate Autophagy.},
journal = {Cell host {\&} microbe},
volume = {17},
number = {6},
pages = {811--9},
doi = {10.1016/j.chom.2015.05.004}
}
@article{Wei2015,
author = {Wei, Yingying and Tenzen, Toyoaki and Ji, Hongkai},
year = {2015},
title = {Joint analysis of differential gene expression in multiple studies using correlation motifs.},
journal = {Biostatistics (Oxford, England)},
volume = {16},
number = {1},
pages = {31--46},
doi = {10.1093/biostatistics/kxu038}
}
@article{Welter2014,
author = {Welter, Danielle and MacArthur, Jacqueline and Morales, Joannella and Burdett, Tony and Hall, Peggy and Junkins, Heather and Klemm, Alan and Flicek, Paul and Manolio, Teri and Hindorff, Lucia and Parkinson, Helen},
year = {2014},
title = {The {NHGRI} {GWAS} Catalog, a curated resource of {SNP}-trait associations.},
journal = {Nucleic acids research},
volume = {42},
number = {Database issue},
pages = {D1001--6},
doi = {10.1093/nar/gkt1229}
}
@article{Whitfield2002,
author = {Whitfield, M. L. and Sherlock, G. and Saldanha, A. J. and Murray, J. I. and Ball, C. A. and Alexander, K. E. and Matese, J. C. and Perou, C. M. and Hurt, M. M. and Brown, P. O. and Botstein, D.},
year = {2002},
title = {Identification of genes periodically expressed in the human cell cycle and their expression in tumors},
journal = {Mol Biol Cell},
volume = {13},
number = {6},
pages = {1977-2000},
doi = {10.1091/mbc.02-02-0030.}
}
@article{Wolfe2007,
author = {Wolfe, Nathan D and Dunavan, Claire Panosian and Diamond, Jared},
year = {2007},
title = {Origins of major human infectious diseases.},
journal = {Nature},
volume = {447},
number = {7142},
pages = {279--83},
doi = {10.1038/nature05775}
}
@article{Wolfert2013,
author = {Wolfert, Margreet a and Boons, Geert-Jan},
year = {2013},
title = {Adaptive immune activation: glycosylation does matter.},
journal = {Nature chemical biology},
volume = {9},
number = {12},
pages = {776--84},
doi = {10.1038/nchembio.1403}
}
@article{Wood2014,
author = {Wood, Andrew R and Esko, Tonu and Yang, Jian and Vedantam, Sailaja and Pers, Tune H and Gustafsson, Stefan and Chu, Audrey Y and Estrada, Karol and Luan, Jian'an and Kutalik, Zolt{\'{a}}n and Amin, Najaf and Buchkovich, Martin L and Croteau-Chonka, Damien C and Day, Felix R and Duan, Yanan and Fall, Tove and Fehrmann, Rudolf and Ferreira, Teresa and Jackson, Anne U and Karjalainen, Juha and Lo, Ken Sin and Locke, Adam E and M{\"{a}}gi, Reedik and Mihailov, Evelin and Porcu, Eleonora and Randall, Joshua C and Scherag, Andr{\'{e}} and Vinkhuyzen, Anna A E and Westra, Harm-Jan and Winkler, Thomas W and Workalemahu, Tsegaselassie and Zhao, Jing Hua and Absher, Devin and Albrecht, Eva and Anderson, Denise and Baron, Jeffrey and Beekman, Marian and Demirkan, Ayse and Ehret, Georg B and Feenstra, Bjarke and Feitosa, Mary F and Fischer, Krista and Fraser, Ross M and Goel, Anuj and Gong, Jian and Justice, Anne E and Kanoni, Stavroula and Kleber, Marcus E and Kristiansson, Kati and Lim, Unhee and Lotay, Vaneet and Lui, Julian C and Mangino, Massimo and {Mateo Leach}, Irene and Medina-Gomez, Carolina and Nalls, Michael A and Nyholt, Dale R and Palmer, Cameron D and Pasko, Dorota and Pechlivanis, Sonali and Prokopenko, Inga and Ried, Janina S and Ripke, Stephan and Shungin, Dmitry and Stanc{\'{a}}kov{\'{a}}, Alena and Strawbridge, Rona J and Sung, Yun Ju and Tanaka, Toshiko and Teumer, Alexander and Trompet, Stella and van der Laan, Sander W and van Setten, Jessica and {Van Vliet-Ostaptchouk}, Jana V and Wang, Zhaoming and Yengo, Lo{\"{i}}c and Zhang, Weihua and Afzal, Uzma and Arnl{\"{o}}v, Johan and Arscott, Gillian M and Bandinelli, Stefania and Barrett, Amy and Bellis, Claire and Bennett, Amanda J and Berne, Christian and Bl{\"{u}}her, Matthias and Bolton, Jennifer L and B{\"{o}}ttcher, Yvonne and Boyd, Heather A and Bruinenberg, Marcel and Buckley, Brendan M and Buyske, Steven and Caspersen, Ida H and Chines, Peter S and Clarke, Robert and Claudi-Boehm, Simone and Cooper, Matthew and Daw, E Warwick and {De Jong}, Pim A and Deelen, Joris and Delgado, Graciela and Denny, Josh C and Dhonukshe-Rutten, Rosalie and Dimitriou, Maria and Doney, Alex S F and D{\"{o}}rr, Marcus and Eklund, Niina and Eury, Elodie and Folkersen, Lasse and Garcia, Melissa E and Geller, Frank and Giedraitis, Vilmantas and Go, Alan S and Grallert, Harald and Grammer, Tanja B and Gr{\"{a}}{\ss}ler, J{\"{u}}rgen and Gr{\"{o}}nberg, Henrik and de Groot, Lisette C P G M and Groves, Christopher J and Haessler, Jeffrey and Hall, Per and Haller, Toomas and Hallmans, Goran and Hannemann, Anke and Hartman, Catharina A and Hassinen, Maija and Hayward, Caroline and Heard-Costa, Nancy L and Helmer, Quinta and Hemani, Gibran and Henders, Anjali K and Hillege, Hans L and Hlatky, Mark A and Hoffmann, Wolfgang and Hoffmann, Per and Holmen, Oddgeir and Houwing-Duistermaat, Jeanine J and Illig, Thomas and Isaacs, Aaron and James, Alan L and Jeff, Janina and Johansen, Berit and Johansson, {\AA}sa and Jolley, Jennifer and Juliusdottir, Thorhildur and Junttila, Juhani and Kho, Abel N and Kinnunen, Leena and Klopp, Norman and Kocher, Thomas and Kratzer, Wolfgang and Lichtner, Peter and Lind, Lars and Lindstr{\"{o}}m, Jaana and Lobbens, St{\'{e}}phane and Lorentzon, Mattias and Lu, Yingchang and Lyssenko, Valeriya and Magnusson, Patrik K E and Mahajan, Anubha and Maillard, Marc and McArdle, Wendy L and McKenzie, Colin A and McLachlan, Stela and McLaren, Paul J and Menni, Cristina and Merger, Sigrun and Milani, Lili and Moayyeri, Alireza and Monda, Keri L and Morken, Mario A and M{\"{u}}ller, Gabriele and M{\"{u}}ller-Nurasyid, Martina and Musk, Arthur W and Narisu, Narisu and Nauck, Matthias and Nolte, Ilja M and N{\"{o}}then, Markus M and Oozageer, Laticia and Pilz, Stefan and Rayner, Nigel W and Renstrom, Frida and Robertson, Neil R and Rose, Lynda M and Roussel, Ronan and Sanna, Serena and Scharnagl, Hubert and Scholtens, Salome and Schumacher, Fredrick R and Schunkert, Heribert and Scott, Robert A and Sehmi, Joban and Seufferlein, Thomas and Shi, Jianxin and Silventoinen, Karri and Smit, Johannes H and Smith, Albert Vernon and Smolonska, Joanna and Stanton, Alice V and Stirrups, Kathleen and Stott, David J and Stringham, Heather M and Sundstr{\"{o}}m, Johan and Swertz, Morris A and Syv{\"{a}}nen, Ann-Christine and Tayo, Bamidele O and Thorleifsson, Gudmar and Tyrer, Jonathan P and van Dijk, Suzanne and van Schoor, Natasja M and van der Velde, Nathalie and van Heemst, Diana and van Oort, Floor V A and Vermeulen, Sita H and Verweij, Niek and Vonk, Judith M and Waite, Lindsay L and Waldenberger, Melanie and Wennauer, Roman and Wilkens, Lynne R and Willenborg, Christina and Wilsgaard, Tom and Wojczynski, Mary K and Wong, Andrew and Wright, Alan F and Zhang, Qunyuan and Arveiler, Dominique and Bakker, Stephan J L and Beilby, John and Bergman, Richard N and Bergmann, Sven and Biffar, Reiner and Blangero, John and Boomsma, Dorret I and Bornstein, Stefan R and Bovet, Pascal and Brambilla, Paolo and Brown, Morris J and Campbell, Harry and Caulfield, Mark J and Chakravarti, Aravinda and Collins, Rory and Collins, Francis S and Crawford, Dana C and Cupples, L Adrienne and Danesh, John and de Faire, Ulf and den Ruijter, Hester M and Erbel, Raimund and Erdmann, Jeanette and Eriksson, Johan G and Farrall, Martin and Ferrannini, Ele and Ferri{\`{e}}res, Jean and Ford, Ian and Forouhi, Nita G and Forrester, Terrence and Gansevoort, Ron T and Gejman, Pablo V and Gieger, Christian and Golay, Alain and Gottesman, Omri and Gudnason, Vilmundur and Gyllensten, Ulf and Haas, David W and Hall, Alistair S and Harris, Tamara B and Hattersley, Andrew T and Heath, Andrew C and Hengstenberg, Christian and Hicks, Andrew A and Hindorff, Lucia A and Hingorani, Aroon D and Hofman, Albert and Hovingh, G Kees and Humphries, Steve E and Hunt, Steven C and Hypponen, Elina and Jacobs, Kevin B and Jarvelin, Marjo-Riitta and Jousilahti, Pekka and Jula, Antti M and Kaprio, Jaakko and Kastelein, John J P and Kayser, Manfred and Kee, Frank and Keinanen-Kiukaanniemi, Sirkka M and Kiemeney, Lambertus A and Kooner, Jaspal S and Kooperberg, Charles and Koskinen, Seppo and Kovacs, Peter and Kraja, Aldi T and Kumari, Meena and Kuusisto, Johanna and Lakka, Timo A and Langenberg, Claudia and {Le Marchand}, Loic and Lehtim{\"{a}}ki, Terho and Lupoli, Sara and Madden, Pamela A F and M{\"{a}}nnist{\"{o}}, Satu and Manunta, Paolo and Marette, Andr{\'{e}} and Matise, Tara C and McKnight, Barbara and Meitinger, Thomas and Moll, Frans L and Montgomery, Grant W and Morris, Andrew D and Morris, Andrew P and Murray, Jeffrey C and Nelis, Mari and Ohlsson, Claes and Oldehinkel, Albertine J and Ong, Ken K and Ouwehand, Willem H and Pasterkamp, Gerard and Peters, Annette and Pramstaller, Peter P and Price, Jackie F and Qi, Lu and Raitakari, Olli T and Rankinen, Tuomo and Rao, D C and Rice, Treva K and Ritchie, Marylyn and Rudan, Igor and Salomaa, Veikko and Samani, Nilesh J and Saramies, Jouko and Sarzynski, Mark A and Schwarz, Peter E H and Sebert, Sylvain and Sever, Peter and Shuldiner, Alan R and Sinisalo, Juha and Steinthorsdottir, Valgerdur and Stolk, Ronald P and Tardif, Jean-Claude and T{\"{o}}njes, Anke and Tremblay, Angelo and Tremoli, Elena and Virtamo, Jarmo and Vohl, Marie-Claude and {Electronic Medical Records and Genomics (eMEMERGEGE) Consortium} and {MIGen Consortium} and {PAGEGE Consortium} and {LifeLines Cohort Study} and Amouyel, Philippe and Asselbergs, Folkert W and Assimes, Themistocles L and Bochud, Murielle and Boehm, Bernhard O and Boerwinkle, Eric and Bottinger, Erwin P and Bouchard, Claude and Cauchi, St{\'{e}}phane and Chambers, John C and Chanock, Stephen J and Cooper, Richard S and de Bakker, Paul I W and Dedoussis, George and Ferrucci, Luigi and Franks, Paul W and Froguel, Philippe and Groop, Leif C and Haiman, Christopher A and Hamsten, Anders and Hayes, M Geoffrey and Hui, Jennie and Hunter, David J and Hveem, Kristian and Jukema, J Wouter and Kaplan, Robert C and Kivimaki, Mika and Kuh, Diana and Laakso, Markku and Liu, Yongmei and Martin, Nicholas G and M{\"{a}}rz, Winfried and Melbye, Mads and Moebus, Susanne and Munroe, Patricia B and Nj{\o}lstad, Inger and Oostra, Ben A and Palmer, Colin N A and Pedersen, Nancy L and Perola, Markus and P{\'{e}}russe, Louis and Peters, Ulrike and Powell, Joseph E and Power, Chris and Quertermous, Thomas and Rauramaa, Rainer and Reinmaa, Eva and Ridker, Paul M and Rivadeneira, Fernando and Rotter, Jerome I and Saaristo, Timo E and Saleheen, Danish and Schlessinger, David and Slagboom, P Eline and Snieder, Harold and Spector, Tim D and Strauch, Konstantin and Stumvoll, Michael and Tuomilehto, Jaakko and Uusitupa, Matti and van der Harst, Pim and V{\"{o}}lzke, Henry and Walker, Mark and Wareham, Nicholas J and Watkins, Hugh and Wichmann, H-Erich and Wilson, James F and Zanen, Pieter and Deloukas, Panos and Heid, Iris M and Lindgren, Cecilia M and Mohlke, Karen L and Speliotes, Elizabeth K and Thorsteinsdottir, Unnur and Barroso, In{\^{e}}s and Fox, Caroline S and North, Kari E and Strachan, David P and Beckmann, Jacques S and Berndt, Sonja I and Boehnke, Michael and Borecki, Ingrid B and McCarthy, Mark I and Metspalu, Andres and Stefansson, Kari and Uitterlinden, Andr{\'{e}} G and van Duijn, Cornelia M and Franke, Lude and Willer, Cristen J and Price, Alkes L and Lettre, Guillaume and Loos, Ruth J F and Weedon, Michael N and Ingelsson, Erik and O'Connell, Jeffrey R and Abecasis, Goncalo R and Chasman, Daniel I and Goddard, Michael E and Visscher, Peter M and Hirschhorn, Joel N and Frayling, Timothy M},
year = {2014},
title = {Defining the role of common variation in the genomic and biological architecture of adult human height.},
journal = {Nature genetics},
volume = {46},
number = {11},
pages = {1173--86},
doi = {10.1038/ng.3097}
}
@article{Wray2013,
author = {Wray, Naomi R and Yang, Jian and Hayes, Ben J and Price, Alkes L and Goddard, Michael E and Visscher, Peter M},
year = {2013},
title = {Pitfalls of predicting complex traits from {SNP}s.},
journal = {Nature reviews. Genetics},
volume = {14},
number = {7},
pages = {507--15},
doi = {10.1038/nrg3457}
}
@article{Wu2012,
author = {Wu, Kang and Dong, Dandan and Fang, Hai and Levillain, Florence and Jin, Wen and Mei, Jian and Gicquel, Brigitte and Du, Yanzhi and Wang, Kankan and Gao, Qian and Neyrolles, Olivier and Zhang, Ji},
year = {2012},
title = {An interferon-related signature in the transcriptional core response of human macrophages to {M}ycobacterium tuberculosis infection.},
journal = {PloS one},
volume = {7},
number = {6},
pages = {e38367},
doi = {10.1371/journal.pone.0038367}
}
@article{Wu2014,
author = {Wu, A. R. and Neff, N. F. and Kalisky, T. and Dalerba, P. and Treutlein, B. and Rothenberg, M. E. and Mburu, F. M. and Mantalas, G. L. and Sim, S. and Clarke, M. F. and Quake, S. R.},
year = {2014},
title = {Quantitative assessment of single-cell {RNA}-sequencing methods},
journal = {Nat Methods},
volume = {11},
number = {1},
pages = {41-6},
doi = {10.1038/nmeth.2694}
}
@article{Xia2014,
author = {Xia, Jingyan and Shi, Liyun and Zhao, Lifang and Xu, Feng},
year = {2014},
title = {Impact of vitamin {D} supplementation on the outcome of tuberculosis treatment: a systematic review and meta-analysis of randomized controlled trials.},
journal = {Chinese medical journal},
volume = {127},
number = {17},
pages = {3127--34},
doi = {}
}
@article{Xu2014,
author = {Xu, Guanghua and Wang, Jing and Gao, George Fu and Liu, Cui Hua},
year = {2014},
title = {Insights into battles between {M}ycobacterium tuberculosis and macrophages.},
journal = {Protein {\&} cell},
volume = {5},
number = {10},
pages = {728--36},
doi = {10.1007/s13238-014-0077-5}
}
@article{Yang2010,
author = {Yang, Jian and Benyamin, Beben and McEvoy, Brian P and Gordon, Scott and Henders, Anjali K and Nyholt, Dale R and Madden, Pamela A and Heath, Andrew C and Martin, Nicholas G and Montgomery, Grant W and Goddard, Michael E and Visscher, Peter M},
year = {2010},
title = {Common {SNP}s explain a large proportion of the heritability for human height.},
journal = {Nature genetics},
volume = {42},
number = {7},
pages = {565--9},
doi = {10.1038/ng.608}
}
@article{Yang2014,
author = {Yang, Jian and Zaitlen, Noah a. and Goddard, Michael E. and Visscher, Peter M. and Price, Alkes L.},
year = {2014},
title = {Advantages and pitfalls in the application of mixed-model association methods.},
journal = {Nature genetics},
volume = {46},
number = {2},
pages = {100--6},
doi = {10.1038/ng.2876}
}
@article{Yates2016,
author = {Yates, Andrew and Akanni, Wasiu and Amode, M. Ridwan and Barrell, Daniel and Billis, Konstantinos and Carvalho-Silva, Denise and Cummins, Carla and Clapham, Peter and Fitzgerald, Stephen and Gil, Laurent and Gir{\'{o}}n, Carlos Garc{\'{i}}a and Gordon, Leo and Hourlier, Thibaut and Hunt, Sarah E. and Janacek, Sophie H. and Johnson, Nathan and Juettemann, Thomas and Keenan, Stephen and Lavidas, Ilias and Martin, Fergal J. and Maurel, Thomas and McLaren, William and Murphy, Daniel N. and Nag, Rishi and Nuhn, Michael and Parker, Anne and Patricio, Mateus and Pignatelli, Miguel and Rahtz, Matthew and Riat, Harpreet Singh and Sheppard, Daniel and Taylor, Kieron and Thormann, Anja and Vullo, Alessandro and Wilder, Steven P. and Zadissa, Amonida and Birney, Ewan and Harrow, Jennifer and Muffato, Matthieu and Perry, Emily and Ruffier, Magali and Spudich, Giulietta and Trevanion, Stephen J. and Cunningham, Fiona and Aken, Bronwen L. and Zerbino, Daniel R. and Flicek, Paul},
year = {2016},
title = {{E}nsembl 2016.},
journal = {Nucleic acids research},
volume = {44},
number = {D1},
pages = {D710--6},
doi = {10.1093/nar/gkv1157}
}
@article{Yim2010,
author = {Yim, Jae-Joon and Selvaraj, Paramasivam},
year = {2010},
title = {Genetic susceptibility in tuberculosis.},
journal = {Respirology (Carlton, Vic.)},
volume = {15},
number = {2},
pages = {241--56},
doi = {10.1111/j.1440-1843.2009.01690.x}
}
@article{Zaret2016,
author = {Zaret, Kenneth S and Mango, Susan E},
year = {2016},
title = {Pioneer transcription factors, chromatin dynamics, and cell fate control.},
journal = {Current opinion in genetics {\&} development},
volume = {37},
number = {},
pages = {76--81},
doi = {10.1016/j.gde.2015.12.003}
}
@article{Zeileis2005,
author = {Zeileis, A. and Grothendieck, G.},
year = {2005},
title = {zoo: S3 Infrastructure for Regular and Irregular Time Series.},
journal = {Journal of Statistical Software},
volume = {14},
number = {6},
pages = {1-27},
doi = {10.18637/jss.v014.i06}
}
@article{Zhao2014,
author = {Zhao, Wei and He, Xiaping and Hoadley, Katherine A and Parker, Joel S and Hayes, David Neil and Perou, Charles M},
year = {2014},
title = {Comparison of {RNA}-Seq by poly ({A}) capture, ribosomal {RNA} depletion, and {DNA} microarray for expression profiling.},
journal = {BMC genomics},
volume = {15},
number = {1},
pages = {419},
doi = {10.1186/1471-2164-15-419}
}
@article{Zhu2006,
author = {Zhu, Xing Wu and Friedland, Jon S},
year = {2006},
title = {Multinucleate giant cells and the control of chemokine secretion in response to {M}ycobacterium tuberculosis.},
journal = {Clinical immunology (Orlando, Fla.)},
volume = {120},
number = {1},
pages = {10--20},
doi = {10.1016/j.clim.2006.01.009}
}
@article{Zodpey2007,
author = {Zodpey, Sanjay P and Shrikhande, Sunanda N},
year = {2007},
title = {The geographic location (latitude) of studies evaluating protective effect of {BCG} vaccine and it's efficacy/effectiveness against tuberculosis.},
journal = {Indian journal of public health},
volume = {51},
number = {4},
pages = {205--10},
doi = {}
}
@misc{umitools,
author = {{Joe Brown and
Jay Hesselberth and
John Blischak}},
year = {2015},
title = {umitools v2.1.1},
journal = {},
volume = {},
number = {},
pages = {},
doi = {10.5281/zenodo.34933}
}
